%% This BibTeX bibliography file was created using BibDesk.
%% http://bibdesk.sourceforge.net/

%% Created for Elvis Qin at 2018-04-27 23:15:45 +0800 


%% Saved with string encoding Unicode (UTF-8) 



@article{a:Thelumigraph,
	Author = {Gortler, Steven J and Radek Grzeszczuk and Richard Szeliski and Michael F. Cohen},
	Date-Added = {2018-04-27 15:14:18 +0000},
	Date-Modified = {2018-04-27 15:15:45 +0000},
	Journal = {Proceedings of the 23rd annual conference on computer graphics and interactive techniques (SIGGRAPH 1996)},
	Title = {The lumigraph},
	Year = {1996}}

@article{a:LightFieldRendering,
	Author = {Marc Levoy and Pat Hanrahan},
	Date-Added = {2018-04-27 15:12:17 +0000},
	Date-Modified = {2018-04-27 15:12:50 +0000},
	Journal = {Proc. ACM SIGGRAPH '96},
	Title = {Light Field Rendering},
	Year = {1996}}

@misc{m:Reflectionprobes,
	Author = {Unity},
	Date-Added = {2018-04-27 14:00:29 +0000},
	Date-Modified = {2018-04-27 14:00:55 +0000},
	Howpublished = {\url{https://docs.unity3d.com/Manual/ReflectionProbes.html}},
	Title = {Reflection probes},
	Year = {2018}}

@misc{m:ReflectionEnvironment,
	Author = {{Unreal Engine 4}},
	Date-Added = {2018-04-27 13:58:41 +0000},
	Date-Modified = {2018-04-27 13:59:37 +0000},
	Howpublished = {\url{https://docs.unrealengine.com/en-us/Engine/Rendering/LightingAndShadows/ReflectionEnvironment}},
	Title = {Reflection Environment},
	Year = {2018}}

@article{a:VarianceShadowMaps,
	Author = {William Donnelly and Andrew Lauritzen},
	Date-Added = {2018-04-27 07:31:13 +0000},
	Date-Modified = {2018-04-27 07:32:38 +0000},
	Journal = {Proceedings of the 2006 Symposium On Interactive 3D Graphics and Games},
	Title = {Variance Shadow Maps},
	Year = {2006}}

@article{a:LightProbeSelectionAlgorithmsforReal-TimeRenderingofLightFields,
	Author = {Samuel Donow},
	Date-Added = {2018-04-26 01:14:40 +0000},
	Date-Modified = {2018-04-26 01:15:34 +0000},
	Title = {Light Probe Selection Algorithms for Real-Time Rendering of Light Fields},
	Year = {2016}}

@misc{m:LightProbes,
	Author = {Unity},
	Date-Added = {2018-04-26 01:11:37 +0000},
	Date-Modified = {2018-04-26 01:12:38 +0000},
	Howpublished = {\url{https://docs.unity3d.com/Manual/LightProbes.html}},
	Title = {Light Probes},
	Year = {2017}}

@misc{m:VolumetricLightmaps,
	Author = {{Unreal Engine 4}},
	Date-Added = {2018-04-26 01:09:47 +0000},
	Date-Modified = {2018-04-26 01:10:30 +0000},
	Howpublished = {\url{https://docs.unrealengine.com/en-us/Engine/Rendering/LightingAndShadows/VolumetricLightmaps}},
	Title = {Volumetric Lightmaps},
	Year = {2018}}

@article{a:Lightprobeinterpolationusingtetrahedraltessellations,
	Author = {Robert Cupisz},
	Date-Added = {2018-04-26 01:08:05 +0000},
	Date-Modified = {2018-04-26 01:08:56 +0000},
	Journal = {Game Developers Conference 2012},
	Title = {Light probe interpolation using tetrahedral tessellations},
	Year = {2012}}

@article{a:Real-TimeGlobalIlluminationusingPrecomputedLightFieldProbes,
	Author = {Morgan McGuire and Mike Mara and Derek Nowrouzezahrai and David Luebke},
	Date-Added = {2018-04-26 01:04:25 +0000},
	Date-Modified = {2018-04-26 01:07:25 +0000},
	Journal = {Proceedings of the 21st ACM SIGGRAPH Symposium on Interactive 3D Graphics and Games},
	Title = {Real-Time Global Illumination using Precomputed Light Field Probes},
	Year = {2017}}

@article{a:VolumetricGlobalIlluminationAtTreyarch,
	Author = {JT Hooker},
	Date-Added = {2018-04-26 01:02:17 +0000},
	Date-Modified = {2018-04-26 01:03:23 +0000},
	Journal = {Advances in Real-Time Rendering course, SIGGRAPH 2016},
	Title = {Volumetric Global Illumination At Treyarch},
	Year = {2016}}

@article{a:RenderinginCars2,
	Author = {Chris Hall and Rob Hall and Dave Edwards},
	Date-Added = {2018-04-26 01:00:04 +0000},
	Date-Modified = {2018-04-26 01:00:49 +0000},
	Journal = {SIGGRAPH2011},
	Title = {Rendering in Cars 2},
	Year = {2011}}

@article{a:IrradianceVolumesforGames,
	Author = {Natalya Tatarchuk},
	Date-Added = {2018-04-26 00:57:54 +0000},
	Date-Modified = {2018-04-26 00:59:19 +0000},
	Journal = {Game Developers Conference Europe},
	Title = {Irradiance Volumes for Games},
	Year = {2005}}

@article{a:TheIrradianceVolume,
	Author = {Gene Greger and Peter Shirley and Philip M􏰁. Hubbard and 􏰀Donald P.􏰁 Greenberg},
	Date-Added = {2018-04-26 00:53:49 +0000},
	Date-Modified = {2018-04-26 00:57:16 +0000},
	Journal = {IEEE Computer Graphics and Applications},
	Title = {The Irradiance Volume},
	Year = {1998}}

@book{b:pbrt2,
	Author = {Matt Pharr and Greg Humphreys},
	Date-Added = {2018-04-22 02:13:29 +0000},
	Date-Modified = {2018-04-22 02:13:54 +0000},
	Edition = {Second Edition},
	Publisher = {Elsevier},
	Title = {Physically Based Rendering: From the Theory to Implementation},
	Year = {2010}}

@article{a:PrecomputedLightinginCallofDuty,
	Author = {Micha{\l} Iwanicki and Peter-Pike Sloan},
	Date-Added = {2018-04-21 07:53:48 +0000},
	Date-Modified = {2018-04-21 07:55:32 +0000},
	Journal = {Advances in Real-Time Rendering, SIGGRAPH 2017},
	Title = {Precomputed Lighting in Call of Duty},
	Year = {2017}}

@misc{m:LightmassGlobalIllumination,
	Author = {{Unreal Engine 4}},
	Date-Added = {2018-04-21 07:52:32 +0000},
	Date-Modified = {2018-04-21 08:59:18 +0000},
	Howpublished = {\url{https://docs.unrealengine.com/en-us/Engine/Rendering/LightingAndShadows/Lightmass}},
	Journal = {Unreal Engine 4 Documentation},
	Title = {Lightmass Global Illumination},
	Year = {2018}}

@misc{m:LightmappingQuickstart,
	Author = {Unity},
	Date-Added = {2018-04-21 07:50:22 +0000},
	Date-Modified = {2018-04-21 07:51:10 +0000},
	Howpublished = {\url{https://docs.unity3d.com/Manual/Lightmapping.html}},
	Title = {Lightmapping Quickstart},
	Year = {2017}}

@article{a:QuakesLightingModel:SurfaceCaching,
	Author = {Michael Abrash},
	Date-Added = {2018-04-21 06:07:55 +0000},
	Date-Modified = {2018-04-21 06:27:41 +0000},
	Journal = {www.bluesnews.com},
	Title = {Quake's Lighting Model:  Surface Caching},
	Year = {1997}}

@article{a:PrecomputedRadianceTransfer:TheoryandPractice,
	Author = {Peter-Pike Sloan and Jaakko Lehtinen and Jan Kautz},
	Date-Added = {2018-04-17 03:09:59 +0000},
	Date-Modified = {2018-04-17 03:10:49 +0000},
	Journal = {SIGGRAPH 2005},
	Title = {Precomputed Radiance Transfer: Theory and Practice},
	Year = {2005}}

@article{a:OnthelimitedmemoryBFGSmethodforlargescaleoptimization,
	Author = {Liu D, C and Nocedal, J},
	Date-Added = {2018-04-16 08:04:41 +0000},
	Date-Modified = {2018-04-16 08:05:40 +0000},
	Journal = {Math. Program. 45, 3 (1989), 503--528. 6},
	Title = {On the limited memory BFGS method for large scale optimization},
	Year = {1989}}

@article{a:Fastthird-ordertexturefiltering,
	Author = {Sigg, C and Hadwiger, M},
	Date-Added = {2018-04-15 12:09:38 +0000},
	Date-Modified = {2018-04-15 12:10:26 +0000},
	Journal = {In GPU Gems 2, Pharr M., (Ed.). Addison-Wesley, 2005, pp. 313--329},
	Title = {Fast third-order texture filtering},
	Year = {2005}}

@article{a:Apracticalguidetosplines;rev.ed,
	Author = {De Boor, C},
	Date-Added = {2018-04-15 11:44:59 +0000},
	Date-Modified = {2018-04-15 11:45:40 +0000},
	Journal = {Applied mathematical sciences. Springer, Berlin, 2001},
	Title = {A practical guide to splines; rev. ed},
	Year = {2001}}

@article{a:Cardinality-constrainedtexturefiltering,
	Author = {Manson, J and Schaefer, S},
	Date-Added = {2018-04-15 04:51:02 +0000},
	Date-Modified = {2018-04-15 04:52:19 +0000},
	Journal = {ACM Transactions on Graphics (Proceedings of ACM SIGGRAPH)},
	Title = {Cardinality-constrained texture filtering},
	Year = {2013}}

@article{a:Gettingmorephysicalincallofduty:Blackopsii,
	Author = {Lazarov, D},
	Date-Added = {2018-04-14 10:53:23 +0000},
	Date-Modified = {2018-04-14 10:53:56 +0000},
	Journal = {In SIGGRAPH Course Notes: Physically Based Shading in Theory and Practice (2013)},
	Title = {Getting more physical in call of duty: Black ops ii},
	Year = {2013}}

@article{a:Physically-basedlightingincallofduty:Black,
	Author = {Lazarov, D},
	Date-Added = {2018-04-14 10:51:27 +0000},
	Date-Modified = {2018-04-14 10:52:49 +0000},
	Journal = {In SIGGRAPH Course Notes: Advances in Real-Time Rendering in 3D Graphics and Games (2011)},
	Title = {Physically-based lighting in call of duty: Black},
	Year = {2011}}

@article{a:Real-timeShadingwithFilteredImportanceSampling,
	Author = {Jaroslav K{\v r}ivanek and Mark Colbert},
	Date-Added = {2018-04-14 07:55:41 +0000},
	Date-Modified = {2018-04-14 07:58:02 +0000},
	Journal = {Eurographics Symposium on Rendering 2008},
	Title = {Real-time Shading with Filtered Importance Sampling},
	Year = {2008}}

@misc{a:Implementingfastraytracedsoftshadowsinagameengine,
	Author = {Voica, A},
	Date-Added = {2018-04-13 13:06:49 +0000},
	Date-Modified = {2018-04-13 13:07:32 +0000},
	Howpublished = {\url{https://www.imgtec.com/blog/ implementing-fast-ray-traced-soft-shadows-in-a-game-engine/}},
	Title = {Implementing fast, ray traced soft shadows in a game engine},
	Year = {2015}}

@misc{m:Cascadedshadowmaps,
	Author = {Microsoft},
	Date-Added = {2018-04-13 12:56:33 +0000},
	Date-Modified = {2018-04-13 12:58:37 +0000},
	Howpublished = {\url{https://msdn.microsoft.com/en-us/ library/windows/desktop/ee416307(v=vs.85).aspx}},
	Title = {Cascaded shadow maps}}

@article{a:Adaptivedepthbiasforshadowmaps,
	Author = {Dou, H and Yan, Y and Kerzner, E and Dai, Z and Wyman, C},
	Date-Added = {2018-04-13 12:36:35 +0000},
	Date-Modified = {2018-04-13 12:37:26 +0000},
	Journal = {Journal of Computer Graphics Techniques Vol. 3, No. 4},
	Title = {Adaptive depth bias for shadow maps},
	Year = {2014}}

@article{a:Eliminatesurfaceacnewithgradientshadowmapping,
	Author = {Christian Sch{\"u}ler},
	Date-Added = {2018-04-13 12:34:49 +0000},
	Date-Modified = {2018-04-13 12:35:51 +0000},
	Journal = {ShaderX4 Advanced Rendering Techniques},
	Title = {Eliminate surface acne with gradient shadow mapping},
	Year = {2005}}

@article{a:Geometricpropertyestimationfrom3drangedatapointsaidedbylocalquadricsurfacefitting,
	Author = {Li, X},
	Date-Added = {2018-04-13 10:39:22 +0000},
	Date-Modified = {2018-04-13 10:40:00 +0000},
	Journal = {Ninth International Conference on Computer Aided Design and Computer Graphics (CAD-CG'05)(CAD- CG)},
	Title = {Geometric property estimation from 3d range data points aided by local quadric surface fitting},
	Year = {2005}}

@article{a:Incrementalraycastingofpiecewisequadraticsurfacesonthegpu,
	Author = {Stoll, C and Gumhold, S and Seidel, H.-P},
	Date-Added = {2018-04-13 10:24:08 +0000},
	Date-Modified = {2018-04-13 10:25:03 +0000},
	Journal = {In IEEE Symposium on Interactive Raytracing 2006 Proceedings},
	Title = {Incremental raycasting of piecewise quadratic surfaces on the gpu},
	Year = {2006}}

@article{a:Sparselowdegreeimplicitsurfaceswithapplicationstohighqualityrenderingfeatureextractionandsmoothing,
	Author = {Ohtake, Y and Belyaev, A and Alexa, M. (2005)},
	Date-Added = {2018-04-13 10:22:11 +0000},
	Date-Modified = {2018-04-13 10:23:41 +0000},
	Journal = {Eurographics Symposium on Geometry Processing (2005)},
	Title = {Sparse low-degree implicit surfaces with applications to high quality rendering, feature extraction, and smoothing},
	Year = {2005}}

@article{a:Asurveyofmethodsforrecoveringquadricsintrianglemeshes,
	Author = {Petitjean, S},
	Date-Added = {2018-04-13 10:20:51 +0000},
	Date-Modified = {2018-04-13 10:21:21 +0000},
	Journal = {ACM Computing Surveys},
	Title = {A survey of methods for recovering quadrics in triangle meshes},
	Year = {2002}}

@article{a:Gauss-seidelmethodsofsolvinglargesystemsoflinearequations,
	Author = {Kahan, W.},
	Date-Added = {2018-04-13 03:29:10 +0000},
	Date-Modified = {2018-04-13 03:29:56 +0000},
	Journal = {PhD thesis},
	Title = {Gauss-seidel methods of solving large systems of linear equations},
	Year = {1958}}

@misc{a:Successiveoverrelaxationmethod,
	Author = {Black, N. and Moore, S},
	Date-Added = {2018-04-13 03:24:20 +0000},
	Date-Modified = {2018-04-13 03:25:32 +0000},
	Howpublished = {\url{http://mathworld.wolfram.com/ SuccessiveOverrelaxationMethod.html}},
	Title = {Successive overrelaxation method}}

@article{a:Onraytracingparametricsurfaces,
	Author = {Toth, D. L.},
	Date-Added = {2018-04-13 02:22:10 +0000},
	Date-Modified = {2018-04-13 02:23:08 +0000},
	Journal = {Proceedings of the 12st Annual Conference on Computer Graphics and Interactive Techniques},
	Title = {On ray tracing parametric surfaces},
	Year = {1985}}

@article{a:Animprovedilluminationmodelforshadeddisplay,
	Author = {Whitted, T},
	Date-Added = {2018-04-13 01:04:05 +0000},
	Date-Modified = {2018-04-13 01:05:54 +0000},
	Journal = {Communications of The ACM},
	Title = {An improved illumination model for shaded display},
	Year = {1979}}

@article{a:Dynamicocclusionwithsigneddistancefields,
	Author = {Wright, D},
	Date-Added = {2018-04-12 13:28:41 +0000},
	Date-Modified = {2018-04-12 13:29:22 +0000},
	Journal = {Advances in Real-Time Rendering in Games, SIGGRAPH 2015},
	Title = {Dynamic occlusion with signed distance fields},
	Year = {2015}}

@article{a:Practicalreal-timevoxelbasedglobalilluminationforcurrentgpus,
	Author = {Panteleev, A},
	Date-Added = {2018-04-12 01:03:15 +0000},
	Date-Modified = {2018-04-12 01:04:04 +0000},
	Journal = {GPU Technology Conference},
	Title = {Practical real-time voxel based global illumination for current gpus},
	Year = {2014}}

@article{a:Gigavoxels:Avoxelbasedrenderingpipelineforefficientexplorationoflargeanddetailedscenes,
	Author = {Crassin, C},
	Date-Added = {2018-04-11 13:39:18 +0000},
	Date-Modified = {2018-04-11 13:39:53 +0000},
	Journal = {PhD thesis},
	Title = {Gigavoxels: A voxel-based rendering pipeline for efficient exploration of large and detailed scenes},
	Year = {2011}}

@article{a:Frequencydomainnormalmapfiltering,
	Author = {Han, C and Sun, B and Ravi Ramamoorthi and Grinspun, E},
	Date-Added = {2018-04-11 13:36:19 +0000},
	Date-Modified = {2018-04-11 13:37:25 +0000},
	Journal = {ACM Transactions on Graphics (Proceedings of SIGGRAPH 2007)},
	Title = {Frequency domain normal map filtering},
	Year = {2007}}

@article{a:Normaldistributionfunctionsandmultiplesurfaces,
	Author = {Fournier, A},
	Date-Added = {2018-04-11 13:32:49 +0000},
	Date-Modified = {2018-04-11 13:33:43 +0000},
	Journal = {Proc. Graphics Interface, Workshop on Local Illumination},
	Title = {Normal distribution functions and multiple surfaces},
	Year = {1992}}

@misc{m:Fubinitheorem,
	Author = {Aarts, Ronald M and Weisstein, Eric W},
	Date-Added = {2018-04-11 09:29:19 +0000},
	Date-Modified = {2018-04-11 09:30:34 +0000},
	Howpublished = {\url{http://mathworld.wolfram.com/FubiniTheorem.html}},
	Title = {Fubini theorem}}

@article{a:Reflectionspaceimagebasedrendering,
	Author = {rian Cabral and Marc Olano and Philip Nemec},
	Date-Added = {2018-04-11 04:35:14 +0000},
	Date-Modified = {2018-04-11 05:21:41 +0000},
	Journal = {Proceedings of GRAPHITE (August 1999)},
	Title = {Reflection space image based rendering},
	Year = {1999}}

@article{a:Approximationofglossyreflectionwithprefilteredenvironmentmaps,
	Author = {Jan Kautz and Michael D Mccool},
	Date-Added = {2018-04-11 04:33:16 +0000},
	Date-Modified = {2018-04-11 04:34:18 +0000},
	Journal = {Proceedings of the Graphics Interface 2000 Conference, May 15-17, 2000},
	Title = {Approximation of glossy reflection with prefiltered environment maps},
	Year = {200}}

@article{a:Efficientrenderingofspatialbidirectionalreflectancedistributionfunctions,
	Author = {David K Mcallister and Anselmo Lastra and Wolfgang Heidrich},
	Date-Added = {2018-04-11 04:28:43 +0000},
	Date-Modified = {2018-04-11 04:30:00 +0000},
	Journal = {The Eurographics Association 2002},
	Title = {Efficient rendering of spatial bi-directional reflectance distribution functions},
	Year = {2002}}

@article{a:Efficientreflectanceandvisibilityapproximationsforenvironmentmaprendering,
	Author = {W Green and Jan Kautz and Fredo Durand},
	Date-Added = {2018-04-11 04:26:38 +0000},
	Date-Modified = {2018-04-11 04:27:22 +0000},
	Journal = {EUROGRAPHICS 2007},
	Title = {Efficient reflectance and visibility approximations for environment map rendering},
	Year = {2007}}

@article{a:Realistichardware-acceleratedshadingandlighting,
	Author = {Wolfgang Heidrich Hans-Peter Seidel},
	Date-Added = {2018-04-11 04:23:51 +0000},
	Date-Modified = {2018-04-11 04:24:44 +0000},
	Journal = {Proceeding SIGGRAPH '99 Pro- ceedings of the 26th annual conference on Computer graphics and interactive techniques},
	Title = {Realistic, hardware-accelerated shading and lighting},
	Year = {1999}}

@article{a:Aunifiedapproachtoprefilteredenvironmentmaps,
	Author = {Jan Kautz and Pere-Pau V{\'a}zquez and Wolfgang Heidrich and Hans-Peter Seidel},
	Date-Added = {2018-04-11 02:49:24 +0000},
	Date-Modified = {2018-04-11 02:53:32 +0000},
	Journal = {Proceedings of the Eurographics Workshop on Rendering Techniques 2000},
	Title = {A unified approach to prefiltered environment maps},
	Year = {2000}}

@article{a:Anefficientrepresentationforirradianceenvironmentmaps,
	Author = {Ravi Ramamoorthi and Pat Hanrahan},
	Date-Added = {2018-04-11 02:44:05 +0000},
	Date-Modified = {2018-04-11 02:45:23 +0000},
	Journal = {SIGGRAPH '01},
	Title = {An efficient representation for irradiance environment maps},
	Year = {2001}}

@article{a:FastFilteringofReflectionProbes,
	Author = {Josiah Manson and Peter-Pike Sloan},
	Date-Added = {2018-01-07 08:00:32 +0000},
	Date-Modified = {2018-01-07 08:01:14 +0000},
	Journal = {Computer Graphics Forum (EGSR)},
	Title = {Fast Filtering of Reflection Probes},
	Year = {2016}}

@article{a:OctahedronEnvironmentMaps,
	Author = {Thomas Engelhardt and Carsten Dachsbacher},
	Date-Added = {2018-01-04 15:39:17 +0000},
	Date-Modified = {2018-01-04 15:42:22 +0000},
	Journal = {Vision, Modeling and Visualization},
	Title = {Octahedron Environment Maps},
	Year = {2008}}

@article{a:View-independentenvironmentmaps,
	Author = {Wolfgang Heidrich and Hans-Peter Seidel},
	Date-Added = {2018-01-04 09:04:52 +0000},
	Date-Modified = {2018-01-04 09:05:30 +0000},
	Journal = {Proceedings of the SIGGRAPH/Eurographics Workshop on Graphics Hardware},
	Title = {View-independent environment maps},
	Year = {1998}}

@article{a:Reflectionvectorshadinghardware,
	Author = {Douglas Voorhies and Jim Foran},
	Date-Added = {2018-01-04 03:50:16 +0000},
	Date-Modified = {2018-01-04 03:51:03 +0000},
	Journal = {Proceedings of SIGGRAPH '94},
	Title = {Reflection vector shading hardware},
	Year = {1994}}

@article{a:TextureMappingasaFundamentalDrawingPrimitive,
	Author = {Paul Haeberli and Mark Segal},
	Date-Added = {2018-01-03 12:54:58 +0000},
	Date-Modified = {2018-01-03 12:55:20 +0000},
	Title = {Texture Mapping as a Fundamental Drawing Primitive},
	Year = {1993}}

@misc{a:TheStoryofReflectionMapping,
	Author = {Paul Debevec},
	Date-Added = {2018-01-03 12:27:31 +0000},
	Date-Modified = {2018-01-03 12:28:34 +0000},
	Howpublished = {\url{http://www.pauldebevec.com/ReflectionMapping}},
	Title = {The Story of Reflection Mapping},
	Year = {2006}}

@article{a:IlluminationandReflectionMaps:SimulatedObjectsinSimulatedandRealEnvironments,
	Author = {Gene S. Miller and C. Robert Hoffman},
	Date-Added = {2018-01-03 08:56:53 +0000},
	Date-Modified = {2018-01-03 08:57:46 +0000},
	Journal = {Course Notes for Advanced Computer Graphics Animation, SIGGRAPH 84},
	Title = {Illumination and Reflection Maps: Simulated Objects in Simulated and Real Environments},
	Year = {1984}}

@article{a:PyramidalParametrics,
	Author = {Williams, Lance},
	Date-Added = {2018-01-03 08:56:14 +0000},
	Date-Modified = {2018-01-03 08:56:43 +0000},
	Journal = {Computer Graphics (SIGGRAPH), vol. 17, No. 3, Jul. 1983 pp. 1-11},
	Title = {Pyramidal Parametrics},
	Year = {1983}}

@article{a:Geometryimages,
	Author = {Xianfeng Gu and Steven Gortler and Hugues Hoppe},
	Date-Added = {2018-01-03 05:33:25 +0000},
	Date-Modified = {2018-01-03 05:34:13 +0000},
	Journal = {ACM SIGGRAPH 2002, pp. 355-361},
	Title = {Geometry images},
	Year = {2002}}

@article{a:Leastsquaresconformalmapsforautomatictextureatlasgeneration,
	Author = {B. L{\'e}vy and S. Petitjean and N. Ray and J. Maillot},
	Date-Added = {2018-01-03 05:28:17 +0000},
	Date-Modified = {2018-01-03 05:29:52 +0000},
	Journal = {ACM SIG- GRAPH 2002, pp. 362-371},
	Title = {Least squares conformal maps for automatic texture atlas generation},
	Year = {2002}}

@article{a:Ageneralmethodforpreservingattributevaluesonsimplifiedmeshes,
	Author = {Cignoni, P. and Montani, C. and Scopigno, R. and Rocchini, C},
	Date-Added = {2018-01-03 05:26:17 +0000},
	Date-Modified = {2018-01-03 05:27:39 +0000},
	Journal = {Proceedings of the Conference on Visualization '98},
	Title = {A general method for preserving attribute values on simplified meshes},
	Year = {1998}}

@article{a:Interactivetexturemapping,
	Author = {J{\'e}r{\^o}me Maillot and Hussein Yahia and Anne Verroust},
	Date-Added = {2018-01-03 05:24:44 +0000},
	Date-Modified = {2018-01-03 05:25:36 +0000},
	Journal = {Proceeding SIGGRAPH '93 Proceedings of the 20th annual conference on Computer graphics and interactive techniques Pages 27-34},
	Title = {Interactive texture mapping},
	Year = {1993}}

@article{a:Texturemappingprogressivemeshes,
	Author = {Pedro Sander and John Snyder and Steven Gortler and Hugues Hoppe},
	Date-Added = {2018-01-03 05:23:24 +0000},
	Date-Modified = {2018-01-03 05:24:08 +0000},
	Journal = {ACM SIGGRAPH 2001 Proceedings, 409-416},
	Title = {Texture mapping progressive meshes},
	Year = {2001}}

@article{a:SphericalParametrizationandRemeshing,
	Author = {Emil Praun and Hugues Hoppe},
	Date-Added = {2017-12-29 14:59:11 +0000},
	Date-Modified = {2017-12-29 15:00:28 +0000},
	Journal = {Proceedings of SIGGRAPH 2003},
	Title = {Spherical Parametrization and Remeshing},
	Year = {2003}}

@article{a:ASurveyofEfficientRepresentationsforIndependentUnitVectors,
	Author = {Zina H. Cigolle and Sam Donow and Daniel Evangelakos and Michael Mara and Morgan McGuire and Quirin Meyer},
	Date-Added = {2017-12-29 14:55:57 +0000},
	Date-Modified = {2017-12-29 14:58:41 +0000},
	Journal = {Journal of Computer Graphics Techniques Vol. 3, No. 2},
	Title = {A Survey of Efficient Representations for Independent Unit Vectors},
	Year = {2014}}

@article{a:ALightFieldRepresentationforRealTimeGlobalIllumination,
	Author = {Daniel Evangelakos},
	Date-Added = {2017-12-29 06:56:05 +0000},
	Date-Modified = {2017-12-29 06:57:30 +0000},
	Journal = {Thesis},
	Title = {A Light Field Representation for Real Time Global Illumination},
	Year = {2015}}

@article{a:Textureandreflectionincomputergeneratedimages,
	Author = {James F. Blinn and Martin E. Newell},
	Date-Added = {2017-12-28 14:22:01 +0000},
	Date-Modified = {2017-12-28 14:22:57 +0000},
	Journal = {Communications of the ACM},
	Title = {Texture and reflection in computer generated images},
	Year = {1976}}

@article{a:LocalDeformablePrecomputedRadianceTransfer,
	Author = {Peter-Pike Sloan and Ben Luna and John Snyder},
	Date-Added = {2017-12-03 12:12:52 +0000},
	Date-Modified = {2017-12-03 12:15:28 +0000},
	Journal = {ACM Transaction on Graphics 24(3) [Proceedings of SIGGRAPH]},
	Title = {Local, Deformable Precomputed Radiance Transfer},
	Year = {2005}}

@article{a:RotationMatricesforRealSphericalHarmonicsDirectDeterminationbyRecursion,
	Author = {Joseph Ivanic and Klaus Ruedenberg},
	Date-Added = {2017-11-27 04:05:58 +0000},
	Date-Modified = {2017-11-27 04:08:09 +0000},
	Journal = {J. Phys. Chem.},
	Title = {Rotation Matrices for Real Spherical Harmonics, Direct Determination by Recursion},
	Year = {1996}}

@article{a:GruppentheorieundihreAnwendungaufdieQuantenmechanikderAtomspektren,
	Author = {E. Wigner},
	Date-Added = {2017-11-27 04:00:20 +0000},
	Date-Modified = {2017-11-27 04:01:02 +0000},
	Journal = {Vieweg, Wiesbaden, Germany},
	Title = {Gruppentheorie und ihre Anwendung auf die Quanten- mechanik der Atomspektren},
	Year = {1931}}

@article{a:FastApproximationtoSphericalHarmonicRotation,
	Author = {Jaroslav Kriv{\'a}nek and Jaakko Konttinen and Sumanta Pattanaik and Kadi Bouatouch and Jir{\'\i} {\v Z}{\'a}ra},
	Date-Added = {2017-11-24 14:19:03 +0000},
	Date-Modified = {2017-11-24 14:22:17 +0000},
	Journal = {Spring Conference on Computer Graphics},
	Title = {Fast Approximation to Spherical Harmonic Rotation},
	Year = {2006}}

@article{a:FastArbitraryBRDFShadingforLowFrequencyLightingUsingSphericalHarmonics,
	Author = {Jan Kautz and Peter-Pike Sloan and John Snyder},
	Date-Added = {2017-11-24 14:17:45 +0000},
	Date-Modified = {2017-11-24 14:18:35 +0000},
	Journal = {Thirteenth Eurographics Workshop on Rendering (2002)},
	Title = {Fast, Arbitrary BRDF Shading for Low-Frequency Lighting Using Spherical Harmonics},
	Year = {2002}}

@article{a:StupidSphericalHarmonicsSHTricks,
	Author = {Peter-Pike Sloan},
	Date-Added = {2017-11-23 01:24:38 +0000},
	Date-Modified = {2017-11-23 01:25:39 +0000},
	Journal = {Game Developers Conference 2008, February 2008},
	Title = {Stupid Spherical Harmonics (SH) Tricks},
	Year = {2008}}

@article{a:SphericalHarmonicLightingTheGrittyDetails,
	Author = {Robin Green},
	Date-Added = {2017-11-22 09:28:53 +0000},
	Date-Modified = {2017-11-22 12:06:34 +0000},
	Title = {Spherical Harmonic Lighting: The Gritty Details},
	Year = {2003}}

@article{a:Clusteringforedge-costminimization,
	Author = {Leonard J. Schulman},
	Date-Added = {2017-11-07 13:47:01 +0000},
	Date-Modified = {2017-11-07 13:48:18 +0000},
	Journal = {Electronic Colloquium on Computational Complexity (ECCC)},
	Title = {Clustering for edge-cost minimization},
	Year = {1999}}

@article{a:Luminancedifferencethresholds,
	Author = {H. Richard Blackwell},
	Date-Added = {2017-11-03 14:14:29 +0000},
	Date-Modified = {2017-11-03 14:17:53 +0000},
	Journal = {Handbook of Sensory Physiology},
	Publisher = {Springer Berlin Heidelberg},
	Title = {Luminance difference thresholds},
	Year = {1972}}

@article{a:LightcutsinBlender,
	Author = {Davide Vercelli and Scuola Superiore S. Anna},
	Date-Added = {2017-11-03 00:47:03 +0000},
	Date-Modified = {2017-11-03 00:51:25 +0000},
	Journal = {Google Summer of Code},
	Title = {Lightcuts in Blender},
	Year = {2008}}

@article{a:LightcutInterpolation,
	Author = {Hauke Rehfeld and Carsten Dachsbacher},
	Date-Added = {2017-11-03 00:44:44 +0000},
	Date-Modified = {2017-11-03 00:45:33 +0000},
	Journal = {High Performance Graphics (2016)},
	Title = {Lightcut Interpolation},
	Year = {2016}}

@article{a:LightSlice:MatrixSliceSamplingfortheMany-LightsProblem,
	Author = {Jiawei Ou and Fabio Pellacini},
	Date-Added = {2017-11-03 00:40:58 +0000},
	Date-Modified = {2017-11-03 00:42:38 +0000},
	Journal = {ACM TRANSACTIONS ON GRAPHICS (SIGGRAPH ASIA 2011)},
	Title = {LightSlice: Matrix Slice Sampling for the Many-Lights Problem},
	Year = {2011}}

@article{a:TensorClusteringforRenderingMany-LightAnimations,
	Author = {Milos Hasan and Edgar Velazquez-Armendariz and Fabio Pellacini and Kavita Bala},
	Date-Added = {2017-11-03 00:38:47 +0000},
	Date-Modified = {2017-11-03 00:40:25 +0000},
	Journal = {Eurographics Symposium on Rendering 2008},
	Title = {Tensor Clustering for Rendering Many-Light Animations},
	Year = {2008}}

@article{a:MatrixRow-ColumnSamplingfortheMany-LightProblem,
	Author = {Milo{\v s} Ha{\v s}an and Fabio Pellacini and Kavita Bala},
	Date-Added = {2017-11-03 00:37:24 +0000},
	Date-Modified = {2017-11-03 00:38:20 +0000},
	Journal = {ACM SIGGRAPH 2007},
	Title = {Matrix Row-Column Sampling for the Many-Light Problem},
	Year = {2007}}

@article{a:MultidimensionalLightcuts,
	Author = {Bruce Walter and Adam Arbree and Kavita Bala and Donald P. Greenberg},
	Date-Added = {2017-11-03 00:36:27 +0000},
	Date-Modified = {2017-11-03 00:37:09 +0000},
	Journal = {ACM SIGGRAPH 2006},
	Title = {Multidimensional Lightcuts},
	Year = {2006}}

@article{a:Lightcuts:AScalableApproachtoIllumination,
	Author = {Bruce Walter and Sebastian Fernandez and Adam Arbree and Kavita Bala and Michael Donikian and Donald P. Greenberg},
	Date-Added = {2017-11-03 00:32:45 +0000},
	Date-Modified = {2017-11-03 00:33:58 +0000},
	Journal = {ACM SIGGRAPH conference proceedings},
	Title = {Lightcuts: A Scalable Approach to Illumination},
	Year = {2005}}

@article{a:ParticleTransportandImageSynthesis,
	Author = {James Arvo and David Kirk},
	Date-Added = {2017-10-21 04:16:23 +0000},
	Date-Modified = {2017-10-21 04:17:08 +0000},
	Journal = {Computer Graphics Forum},
	Title = {Particle Transport and Image Synthesis},
	Year = {1990}}

@article{a:SequentialMonteCarloInstantRadiosity,
	Author = {Peter Hedman and Tero Karras and Jaakko Lehtinen},
	Date-Added = {2017-10-21 02:47:36 +0000},
	Date-Modified = {2017-10-21 02:49:00 +0000},
	Journal = {Proceedings of the ACM SIGGRAPH Symposium on Interactive 3D Graphics and Games},
	Title = {Sequential Monte Carlo Instant Radiosity},
	Year = {2016}}

@article{a:MetropolisInstantRadiosity,
	Author = {Benjamin Segovia and Jean Claude Iehl and Bernard Peroche},
	Date-Added = {2017-10-21 02:45:44 +0000},
	Date-Modified = {2017-10-21 02:47:19 +0000},
	Journal = {Computer Graphics Forum},
	Title = {Metropolis Instant Radiosity},
	Year = {2007}}

@article{a:ImportanceCachingforComplexIllumination,
	Author = {Iliyan Georgiev and Jaroslav K{\v r}ivanek and Stefan Popov and Philipp Slusallek},
	Date-Added = {2017-10-21 02:43:04 +0000},
	Date-Modified = {2017-10-21 02:44:41 +0000},
	Journal = {Computer Graphics Forum},
	Number = {2},
	Title = {Importance Caching for Complex Illumination},
	Volume = {31},
	Year = {2012}}

@article{a:SimpleandRobustIterativeImportanceSamplingofVirtualPointLights,
	Author = {Georgiev Iliyan and Slusallek Philipp},
	Date-Added = {2017-10-21 02:39:20 +0000},
	Date-Modified = {2017-10-21 02:42:04 +0000},
	Journal = {The Eurographics Association},
	Title = {Simple and Robust Iterative Importance Sampling of Virtual Point Lights},
	Year = {2010}}

@article{a:Real-timeIndirectIlluminationwithClusteredVisibility,
	Author = {Zhao Dong and Thorsten Grosch and Tobias Ritschel and Jan Kautz and Hans-Peter Seidel},
	Date-Added = {2017-10-11 01:55:45 +0000},
	Date-Modified = {2017-10-11 01:58:19 +0000},
	Journal = {Vision, Modeling, and Visualization Workshop (VMV)},
	Title = {Real-time Indirect Illumination with Clustered Visibility},
	Year = {2009}}

@article{a:ModifiedfilteredimportancesamplingforvirtualsphericalGaussianlights,
	Author = {Yusuke Tokuyoshi},
	Date-Added = {2017-10-11 01:54:32 +0000},
	Date-Modified = {2017-10-11 01:55:06 +0000},
	Journal = {Computational Visual Media},
	Title = {Modified filtered importance sampling for virtual spherical Gaussian lights},
	Year = {2016}}

@article{a:VirtualSphericalGaussianLightsforRealtimeGlossyIndirectIllumination,
	Author = {Yusuke Tokuyoshi},
	Date-Added = {2017-10-11 01:53:19 +0000},
	Date-Modified = {2017-10-11 01:54:03 +0000},
	Journal = {Pacific Graphics},
	Title = {Virtual Spherical Gaussian Lights for Real-time Glossy Indirect Illumination},
	Year = {2015}}

@article{a:ProgressiveVirtualBeamLights,
	Author = {Jan Nov\'{a}k and Derek Nowrouzezahrai and Carsten Dachsbacher and Wojciech Jarosz},
	Date-Added = {2017-10-11 01:51:57 +0000},
	Date-Modified = {2017-10-11 01:52:44 +0000},
	Journal = {Eurographics Symposium on Rendering 2012},
	Title = {Progressive Virtual Beam Lights},
	Year = {2012}}

@article{a:VirtualRayLightsforRenderingSceneswithParticipatingMedia,
	Author = {Jan Nov\'{a}k and Derek Nowrouzezahrai and Carsten Dachsbacher and Wojciech Jarosz},
	Date-Added = {2017-10-11 01:50:43 +0000},
	Date-Modified = {2017-10-11 01:51:32 +0000},
	Journal = {ACM SIGGRAPH Asia 2012 conference proceedings},
	Title = {Virtual Ray Lights for Rendering Scenes with Participating Media},
	Year = {2012}}

@article{a:VirtualSphericalLightsforMany-LightRenderingofGlossyScenes,
	Author = {Milo{\v s} Ha{\v s}an and Jaroslav K{\v r}iv{\'a}nek and Bruce Walter and Kavita Bala},
	Date-Added = {2017-10-11 01:45:37 +0000},
	Date-Modified = {2017-10-11 01:49:59 +0000},
	Journal = {SIGGRAPH Asia},
	Title = {Virtual Spherical Lights for Many-Light Rendering of Glossy Scenes},
	Year = {2009}}

@article{a:ScalableRealisticRenderingwithMany-LightMethods,
	Author = {Dachsbacher, Carsten and K\v{r}iv\'{a}nek, Jaroslav and Ha\v{s}an, Milo\v{s} and Arbree, Adam and Walter, Bruce and Nov\'{a}k, Jan},
	Date-Added = {2017-10-10 16:12:12 +0000},
	Date-Modified = {2017-10-10 16:12:52 +0000},
	Journal = {Computer Graphics Forum},
	Title = {Scalable Realistic Rendering with Many-Light Methods},
	Year = {2014}}

@article{a:IlluminationinthePresenceofWeakSingularities,
	Author = {Thomas Kollig and Alexander Keller},
	Date-Added = {2017-10-08 10:16:47 +0000},
	Date-Modified = {2017-10-08 10:20:37 +0000},
	Journal = {Monte Carlo and Quasi-Monte Carlo Methods},
	Title = {Illumination in the Presence of Weak Singularities},
	Year = {2004}}

@misc{u:VirtualPointLightBiasCompensation,
	Author = {Simon},
	Date-Added = {2017-10-08 03:10:00 +0000},
	Date-Modified = {2017-10-08 04:24:08 +0000},
	Howpublished = {\url{http://sjbrown.co.uk/2011/05/09/virtual-point-light-bias-compensation}},
	Title = {Virtual Point Light Bias Compensation},
	Year = {2012}}

@article{a:Combiningglobalandlocalvirtuallightsfordetailedglossyillumination,
	Author = {Davidovi\v{c}, Tom\'{a}\v{s} and K\v{r}iv\'{a}nek, Jaroslav and Ha\v{s}an, Milo\v{s} and Slusallek, Philipp and Bala, Kavita},
	Date-Added = {2017-10-03 03:11:02 +0000},
	Date-Modified = {2017-10-03 03:11:34 +0000},
	Journal = {ACM Trans. Graph},
	Title = {Combining global and local virtual lights for detailed glossy illumination},
	Year = {2010}}

@article{a:ApproximateBiasCompensationforRenderingSceneswithHeterogeneousParticipatingMedia,
	Author = {Thomas Engelhardt and Jan Nov\'{a}k and Thorsten-W. Schmidt and Carsten Dachsbacher},
	Date-Added = {2017-10-02 05:52:05 +0000},
	Date-Modified = {2017-10-02 05:52:49 +0000},
	Journal = {Computer Graphics Forum (Proceedings of Pacific Graphics 2012)},
	Title = {Approximate Bias Compensation for Rendering Scenes with Heterogeneous Participating Media},
	Year = {2012}}

@article{a:EfficientPointBasedRenderingUsingImageReconstruction,
	Author = {Ricardo Marroquim and Martin Kraus and Paulo Roma Cavalcanti},
	Date-Added = {2017-10-01 08:08:24 +0000},
	Date-Modified = {2017-10-01 08:09:45 +0000},
	Journal = {Eurographics Symposium on Point-Based Rendering},
	Title = {Efficient Point-Based Rendering Using Image Reconstruction},
	Year = {2007}}

@article{a:PointSampleRendering,
	Author = {J. P. Grossman and William J. Dally},
	Date-Added = {2017-10-01 08:03:31 +0000},
	Date-Modified = {2017-10-01 08:07:16 +0000},
	Journal = {In Proc. of the Eurographics Workshop on Rendering},
	Title = {Point Sample Rendering},
	Year = {1998}}

@article{a:ShadowMappingforHemisphericalandOmnidirectionalLightSources,
	Author = {Stefan Brabec and Thomas Annen and Hans-Peter Seidel},
	Date-Added = {2017-10-01 07:38:48 +0000},
	Date-Modified = {2017-10-01 07:40:04 +0000},
	Journal = {In Advances in Modelling, Animation and Rendering (Proceedings Computer Graphics International 2002)},
	Title = {Shadow Mapping for Hemispherical and Omnidirectional Light Sources},
	Year = {2002}}

@article{a:ImprovingInteractionWithRadiositybasedLightingSimulationPrograms,
	Author = {Claude Puech and Francois X. Sillion and Christophe Vedel},
	Date-Added = {2017-09-19 06:31:44 +0000},
	Date-Modified = {2017-09-19 06:35:08 +0000},
	Journal = {Computer Graphics (Special Issue on 1990 Symposium on Interactive 3D Graphics)},
	Title = {Improving Interaction With Radiosity-based Lighting Simulation Programs},
	Year = {1990}}

@article{a:AwesomeRealtimeGIondesktopsandConsoles,
	Author = {Jesper Mortensen},
	Date-Added = {2017-09-17 15:02:49 +0000},
	Date-Modified = {2017-09-17 15:03:59 +0000},
	Title = {Awesome Realtime GI on desktops and Consoles},
	Year = {2015}}

@article{a:ARMGuideforUnityDevelopersOptimizingMobileGamingGraphics,
	Author = {ARM},
	Date-Added = {2017-09-17 10:02:47 +0000},
	Date-Modified = {2017-09-17 10:04:05 +0000},
	Title = {ARM{\textregistered} Guide for Unity Developers Optimizing Mobile Gaming Graphics},
	Year = {2017}}

@article{a:Accurateandconsistentreconstructionofilluminationfunctionsusingstructuredsampling,
	Author = {George Drettakis and Eugene Fiume},
	Date-Added = {2017-09-16 03:38:29 +0000},
	Date-Modified = {2017-09-16 03:39:34 +0000},
	Journal = {Computer Graphics Forum (Proc. Eurographics '93)},
	Title = {Accurate and consistent reconstruction of illumination functions using structured sampling},
	Year = {1993}}

@article{a:Colordisplaysandcolorscience,
	Author = {Gerald Murch},
	Date-Added = {2017-09-16 03:11:14 +0000},
	Date-Modified = {2017-09-16 03:12:39 +0000},
	Journal = {Color and the computer},
	Title = {Color displays and color science},
	Year = {1987}}

@article{a:Perceptually-drivenradiosity,
	Author = {S Gibson and Roger J Hubbold},
	Date-Added = {2017-09-16 03:08:02 +0000},
	Date-Modified = {2017-09-16 03:09:34 +0000},
	Journal = {Computer Graphics Forum},
	Title = {Perceptually-driven radiosity},
	Year = {1997}}

@book{b:ComputiationalGeometry:AlgorithmsandApplications,
	Author = {Mark de Berg and Otfried Cheong and Marc van Kreveld and Mark Overmars},
	Date-Added = {2017-09-14 17:09:47 +0000},
	Date-Modified = {2017-09-14 17:13:54 +0000},
	Edition = {Third Edition},
	Publisher = {Springer},
	Title = {Computiational Geometry: Algorithms and Applications},
	Year = {2008}}

@article{a:Hierarchicaltriangulationformultiresolutionsurfacedescriptiongeometricdesign,
	Author = {Leila De Floriani and Enrico Puppo},
	Date-Added = {2017-09-14 17:03:54 +0000},
	Date-Modified = {2017-09-14 17:04:33 +0000},
	Journal = {ACM Transactions on Graphics},
	Title = {Hierarchical triangulation for multiresolution surface description geometric design},
	Year = {1995}}

@article{a:Araytracingalgorithmforprogressiveradiosity,
	Author = {John R. Wallace and Kells A. Elmquist and Eric A. Haines},
	Date-Added = {2017-09-14 06:46:09 +0000},
	Date-Modified = {2017-09-14 06:49:08 +0000},
	Journal = {SIGGRAPH '89 Proceedings of the 16th annual conference on Computer graphics and interactive techniques},
	Title = {A ray tracing algorithm for progressive radiosity},
	Year = {1989}}

@article{a:FastandAccurateHierarchicalRadiosityUsingGlobalVisibility,
	Author = {Fre ́doDurand and GeorgeDrettakis and ClaudePuech},
	Date-Added = {2017-09-10 03:41:40 +0000},
	Date-Modified = {2017-09-10 03:43:05 +0000},
	Journal = {ACM Transactions on Graphics},
	Title = {Fast and Accurate Hierarchical Radiosity Using Global Visibility},
	Year = {1999}}

@article{a:The3Dvisibilitycomplex:anewapproachtotheproblemsofaccuratevisibility,
	Author = {Fr{\'e}do Durand and George Drettakis and Claude Puech},
	Date-Added = {2017-09-10 03:38:17 +0000},
	Date-Modified = {2017-09-10 03:41:11 +0000},
	Journal = {Proceedings of 7th Eurographics Workshop on Rendering (Rendering Techniques '96)},
	Title = {The 3D visibility complex: a new approach to the problems of accurate visibility},
	Year = {1996}}

@article{a:TheVisibilitySkeleton:APowerfulAndEfficientMulti-PurposeGlobalVisibilityTool,
	Author = {Fr{\'e}do Durand and George Drettakis and Claude Puech},
	Date-Added = {2017-09-10 03:35:08 +0000},
	Date-Modified = {2017-09-10 03:37:58 +0000},
	Journal = {SIGGRAPH '97 Proceedings of the 24th annual conference on Computer graphics and interactive techniques},
	Title = {The Visibility Skeleton: A Powerful And Efficient Multi-Purpose Global Visibility Tool},
	Year = {1997}}

@article{a:EfficientlyComputingandRepresentingAspectGraphsofPolyhedralObjects,
	Author = {J. Canny and R. Seidel and Z. Gigus},
	Date-Added = {2017-09-09 03:53:44 +0000},
	Date-Modified = {2017-09-11 09:51:27 +0000},
	Journal = {IEEE Transactions on Pattern Analysis \& Machine Intelligence, Volume 13 Issue 6},
	Title = {Efficiently Computing and Representing Aspect Graphs of Polyhedral Objects},
	Year = {1991}}

@article{a:ComputingTheAspectGraphforLineDrawingsofPolyhedralObjects,
	Author = {Ziv Gigus and Jitendra Malik},
	Date-Added = {2017-09-09 03:47:41 +0000},
	Date-Modified = {2017-09-11 09:50:55 +0000},
	Journal = {IEEE Transactions on Pattern Analysis and Machine Intelligence},
	Title = {Computing The Aspect Graph for Line Drawings of Polyhedral Objects},
	Volume = {12},
	Year = {1988}}

@article{a:Fastcomputationofshadowboundariesusingspatialcoherenceandbackprojections,
	Author = {A. James Strwart and Sherif Ghali},
	Date-Added = {2017-09-09 01:54:37 +0000},
	Date-Modified = {2017-09-09 01:57:27 +0000},
	Journal = {Proceedings of SIGGRAPH'94},
	Title = {Fast computation of shadow boundaries using spatial coherence and backprojections},
	Year = {1994}}

@article{a:AFastShadowAlgorithmforAreaLightSourcesUsingBackprojection,
	Author = {George Drettakis and Eugene Fiume},
	Date-Added = {2017-09-09 01:42:12 +0000},
	Date-Modified = {2017-09-09 01:45:08 +0000},
	Journal = {Computer Graphics (SIGGRAPH 1994)},
	Title = {A Fast Shadow Algorithm for Area Light Sources Using Backprojection},
	Year = {1994}}

@article{a:DiscontinuityMeshingforRadiosity,
	Author = {Paul S. Heckbert},
	Date-Added = {2017-09-09 01:19:21 +0000},
	Date-Modified = {2017-09-09 01:20:28 +0000},
	Journal = {Third Eurographics Workshop on Rendering},
	Title = {Discontinuity Meshing for Radiosity},
	Year = {1992}}

@article{a:ADiscontinuityMeshingAlgorithmforAccurateRadiosity,
	Author = {Dani Lischinski and Filippo Tampieri and Donald P. Greenberg},
	Date-Added = {2017-09-09 01:17:13 +0000},
	Date-Modified = {2017-09-09 01:18:21 +0000},
	Journal = {IEEE Computer Graphics and Applications, vol. 12, num. 6},
	Title = {A Discontinuity Meshing Algorithm for Accurate Radiosity},
	Year = {1992}}

@article{a:WaveletMethodsforComputerGraphics,
	Author = {Steven J. Gortler},
	Date-Added = {2017-09-08 04:28:48 +0000},
	Date-Modified = {2017-09-08 04:29:32 +0000},
	Title = {Wavelet Methods for Computer Graphics},
	Year = {1995}}

@book{b:AnIntroductiontoWavelets,
	Author = {Charles K. Chui},
	Date-Added = {2017-09-05 06:50:32 +0000},
	Date-Modified = {2017-09-05 06:53:07 +0000},
	Publisher = {Academic Press},
	Title = {An Introduction to Wavelets},
	Volume = {Wavelet Analysis and Its Applications Volume 1},
	Year = {1992}}

@book{b:AFirstCourseinWaveletswithFourierAnalysis,
	Author = {Albert Boggess and Francis J. Narcowich},
	Date-Added = {2017-09-05 06:46:38 +0000},
	Date-Modified = {2017-09-05 06:48:34 +0000},
	Edition = {Secont Edition},
	Publisher = {Wiley},
	Title = {A First Course in Wavelets with Fourier Analysis},
	Year = {2009}}

@article{a:FiniteElementMethodsforGlobalIllumination,
	Author = {Paul S. Heckbert and James M. Winget},
	Date-Added = {2017-09-03 06:22:28 +0000},
	Date-Modified = {2017-09-03 06:25:40 +0000},
	Journal = {EECS Department, University of California, Berkeley},
	Title = {Finite Element Methods for Global Illumination},
	Year = {1991}}

@article{a:WaveletRadiosityonArbitraryPlanarSurfaces,
	Author = {Nicolas Holzschuch and Fran ̧cois Cuny and Laurent Alonso},
	Date-Added = {2017-08-31 03:54:29 +0000},
	Date-Modified = {2017-08-31 03:55:16 +0000},
	Journal = {Rendering Techniques 2000 (Eurographics Workshop on Rendering)},
	Title = {Wavelet Radiosity on Arbitrary Planar Surfaces},
	Year = {2000}}

@article{a:RadiosityinFlatland,
	Author = {Paul S. Heckbert},
	Date-Added = {2017-08-30 13:18:24 +0000},
	Date-Modified = {2017-08-31 00:21:39 +0000},
	Journal = {Computer Graphics Forum (Proc. Eurographics '92)},
	Title = {Radiosity in Flatland},
	Year = {1992}}

@article{a:GalerkinaRadiosity:AHigherOrderSolutionMethodforGlobalIllumination,
	Author = {Harold R. Zatz},
	Date-Added = {2017-08-30 13:08:20 +0000},
	Date-Modified = {2017-08-30 13:11:58 +0000},
	Journal = {SIGGRAPH '93 Proceedings of the 20th annual conference on Computer graphics and interactive techniques},
	Title = {Galerkin Radiosity: A Higher Order Solution Method for Global Illumination},
	Year = {1993}}

@article{a:WaveletaRadiosity,
	Author = {S. J. Gortler and P. Schroder and M. Cohen and P. Hanrahan},
	Date-Added = {2017-08-30 12:51:17 +0000},
	Date-Modified = {2017-08-30 12:57:35 +0000},
	Journal = {Computer Graphics, Proc. SIGGRAPH 93, pp 221},
	Title = {Wavelet Radiosity},
	Year = {1993}}

@article{a:AnEfficientProgramforManyBodySimulation,
	Author = {Andrew W. Appel},
	Date-Added = {2017-08-30 03:07:05 +0000},
	Date-Modified = {2017-08-30 03:20:35 +0000},
	Journal = {SIAM Journal on Scientific and Statistical Computing, vol.~6, no.~1, January 1985, p.~85-103.},
	Title = {An Efficient Program for Many-Body Simulation},
	Year = {1985}}

@book{b:Integralgeometryandgeometricprobability,
	Author = {Luis A. Santalo},
	Date-Added = {2017-08-25 14:20:58 +0000},
	Date-Modified = {2017-09-03 11:09:22 +0000},
	Edition = {Secont Edition},
	Publisher = {Addison-Wesley Publishing Company},
	Title = {Integral geometry and geometric probability},
	Year = {2004}}

@article{a:TheUseofGlobalRandomDirectionstoComputeRadiosityGlobalMonteCarloTechniques,
	Author = {Mateu Sbert},
	Date-Added = {2017-08-24 09:28:23 +0000},
	Date-Modified = {2017-08-24 09:29:41 +0000},
	Journal = {PhD thesis},
	Title = {The Use of Global Random Directions to Compute Radiosity: Global Monte Carlo Techniques},
	Year = {1996}}

@article{a:AnIntegralGeometryBasedMethodforFastForm-FactorComputation,
	Author = {Mateu Sbert},
	Date-Added = {2017-08-24 08:57:57 +0000},
	Date-Modified = {2017-08-24 08:59:27 +0000},
	Journal = {Computer Graphics Forum},
	Title = {An Integral Geometry Based Method for Fast Form-Factor Computation},
	Year = {1993}}

@article{a:Weakconvergenceandoptimalscalingofrandomwalkmetropolisalgorithms,
	Author = {G. O. Roberts and A. Gelman and W. R. Gilks},
	Date-Added = {2017-08-16 05:55:13 +0000},
	Date-Modified = {2017-08-16 05:56:58 +0000},
	Journal = {The Annals of Applied Probability},
	Title = {Weak convergence and optimal scaling of random walk metropolis algorithms},
	Year = {1997}}

@article{a:Controlledmcmcforoptimalsampling,
	Author = {Christophe Andrieu and Christian P. Robert},
	Date-Added = {2017-08-16 05:28:09 +0000},
	Date-Modified = {2017-08-16 05:31:00 +0000},
	Title = {Controlled mcmc for optimal sampling},
	Year = {2001}}

@article{a:AtutorialonadaptiveMCMC,
	Author = {Christophe Andrieu and Johannes Thoms},
	Date-Added = {2017-08-16 05:26:44 +0000},
	Date-Modified = {2017-08-16 05:27:16 +0000},
	Journal = {Springer},
	Title = {A tutorial on adaptive MCMC},
	Year = {2008}}

@article{a:MarkovChainMonteCarloMaximumLikelihood,
	Author = {Charles J. Geyer},
	Date-Added = {2017-08-14 15:21:47 +0000},
	Date-Modified = {2017-08-14 15:22:37 +0000},
	Journal = {Computing Science and Statistics: Proceedings of the 23rd Symposium on the Interface},
	Title = {Markov Chain Monte Carlo Maximum Likelihood},
	Year = {1991}}

@article{a:ExtendedEnsembleMonteCarlo,
	Author = {Yukito Iba},
	Date-Added = {2017-08-12 08:28:50 +0000},
	Date-Modified = {2017-08-12 08:29:37 +0000},
	Journal = {The Institute of Statistical Mathematics},
	Title = {Extended Ensemble Monte Carlo},
	Year = {2001}}

@article{a:RobustAdaptivePhotonTracingusingPhotonPathVisibility,
	Author = {Toshiya Hachisuka and Henrik Wann Jensen},
	Date-Added = {2017-08-12 00:14:28 +0000},
	Date-Modified = {2017-08-12 00:15:49 +0000},
	Journal = {ACM Transactions on Graphics},
	Title = {Robust Adaptive Photon Tracing using Photon Path Visibility},
	Year = {2011}}

@article{a:ImprovingGlobalExplorationofMCMCLightTransportSimulation,
	Author = {Martin {\v S}ik and Jaroslav K{\v r}iv{\'a}nek},
	Date-Added = {2017-08-07 12:27:07 +0000},
	Date-Modified = {2017-08-07 12:29:16 +0000},
	Journal = {ACM SIGGRAPH 2016 posters},
	Title = {Improving Global Exploration of MCMC Light Transport Simulation},
	Year = {2016}}

@article{a:FusingStateSpacesforMarkovChainMonteCarloRendering,
	Author = {Hisanari Otsu and Anton S. Kaplanyan and Johannes Hanika and Carsten Dachsbacher and Toshiya Hachisuka},
	Date-Added = {2017-08-07 12:25:15 +0000},
	Date-Modified = {2017-08-07 12:26:31 +0000},
	Journal = {ACM Transactions on Graphics},
	Title = {Fusing State Spaces for Markov Chain Monte Carlo Rendering},
	Year = {2017}}

@article{a:ReversiblejumpMarkovchainMonteCarlocomputationandBayesianmodeldetermination,
	Author = {Peter J. Green},
	Date-Added = {2017-08-07 10:25:08 +0000},
	Date-Modified = {2017-08-07 10:27:18 +0000},
	Journal = {Biometrika, Volume 82, Issue 4},
	Title = {Reversible jump Markov chain Monte Carlo computation and Bayesian model determination},
	Year = {1995}}

@book{b:MarkovChains:GibbsFieldsMonteCarloSimulationandQueues,
	Author = {Pierre Br{\'e}maud},
	Date-Added = {2017-08-05 04:01:51 +0000},
	Date-Modified = {2017-08-05 04:03:20 +0000},
	Publisher = {Springer},
	Title = {Markov Chains: Gibbs Fields, Monte Carlo Simulation, and Queues},
	Year = {1999}}

@article{a:AReflectanceModelforComputerGraphics,
	Author = {Robert L. Cook and Kenneth E. Torrance},
	Date-Added = {2017-08-04 15:40:51 +0000},
	Date-Modified = {2017-08-04 15:42:12 +0000},
	Journal = {ACM Transactions on Graphics},
	Title = {A Reflectance Model for Computer Graphics},
	Year = {1982}}

@article{a:Bidirectionalalightcuts,
	Author = {Bruce Walter and Pramook Khungurn and Kavita Bala},
	Date-Added = {2017-08-04 15:32:30 +0000},
	Date-Modified = {2017-08-04 15:36:51 +0000},
	Journal = {ACM Transactions on Graphics (TOG) - Proceedings of ACM SIGGRAPH 2012},
	Title = {Bidirectional Lightcuts},
	Year = {2012}}

@article{a:EstimatingLocalBeckmannRoughnessforComplexBSDFs,
	Author = {Nicolas Holzschuch and Anton Kaplanyan and Johannes Hanika and Carsten Dachsbacher},
	Date-Added = {2017-08-04 13:36:30 +0000},
	Date-Modified = {2017-08-04 13:39:05 +0000},
	Journal = {ACM Siggraph talks},
	Title = {Estimating Local Beckmann Roughness for Complex BSDFs},
	Year = {2016}}

@book{b:Directionalstatistics,
	Author = {K.V. Mardia and P.E. Jupp},
	Date-Added = {2017-07-29 05:11:12 +0000},
	Date-Modified = {2017-07-29 05:11:35 +0000},
	Publisher = {Wiley},
	Title = {Directional statistics},
	Year = {2000}}

@book{b:Statisticalanalysisofsphericaldata,
	Author = {N.I. Fisher and T. Lewis and B.J.J. Embleton},
	Date-Added = {2017-07-29 05:10:10 +0000},
	Date-Modified = {2017-07-29 05:10:53 +0000},
	Publisher = {Cambridge University Press},
	Title = {Statistical analysis of spherical data},
	Year = {1993}}

@article{a:ManifoldExplorationExpanded,
	Author = {Wenzel Jakob and Steve Marschner},
	Date-Added = {2017-07-25 04:18:03 +0000},
	Date-Modified = {2017-07-25 04:19:49 +0000},
	Journal = {ACM Transactions on Graphics},
	Title = {Manifold Exploration: A Markov Chain Monte Carlo Technique for Rendering Scenes with Difficult Specular Transport (Expanded Technical Report)},
	Year = {2012}}

@book{b:AnalysisOnManifolds,
	Author = {James R Munkres},
	Date-Added = {2017-07-23 02:37:37 +0000},
	Date-Modified = {2017-07-23 02:41:52 +0000},
	Publisher = {Addison-Wesley Publishing Company},
	Title = {Analysis On Manifolds},
	Year = {1991}}

@book{b:CalculusonManifolds:AModernApproachtoClassicalTheoremsofAdvancedCalculus,
	Author = {Michael Spivak},
	Date-Added = {2017-07-23 01:56:40 +0000},
	Date-Modified = {2017-07-23 02:00:47 +0000},
	Publisher = {Addison-Wesley Publishing Company},
	Title = {Calculus on Manifolds: A Modern Approach to Classical Theorems of Advanced Calculus},
	Year = {1965}}

@misc{m:MitsubaRenderer,
	Author = {Wenzel Jakob},
	Date-Added = {2017-07-16 09:31:09 +0000},
	Date-Modified = {2017-07-16 09:33:17 +0000},
	Howpublished = {\url{http://www.mitsuba-renderer.org}},
	Title = {Mitsuba renderer},
	Year = {2010}}

@article{a:markovchainmontecarlomaximumlikelihoodfordependentdata,
	Author = {Charles J. Geyer},
	Date-Added = {2017-07-15 07:25:17 +0000},
	Date-Modified = {2017-07-15 07:28:22 +0000},
	Journal = {Computing Science and Statistics: Proceedings of the 23rd Symposium on the Interface, American Statistical Association, New York},
	Pages = {156},
	Title = {Markov chain monte carlo maximum likelihood for dependent data},
	Year = {1991}}

@article{a:AnnealingMarkovChainMonteCarlowithApplicationstoAncestralInference,
	Author = {Charles J. Geyer and Elizaben A. Thompson},
	Date-Added = {2017-07-15 03:43:07 +0000},
	Date-Modified = {2017-07-15 03:45:09 +0000},
	Journal = {Journal of the American Statistical Association},
	Title = {95 Annealing Markov Chain Monte Carlo with Applications to Ancestral Inference},
	Year = {1995}}

@article{a:SimulatedTempering:ANewMonteCarloScheme,
	Author = {Enzo Marinari and Giorgio Parisi},
	Date-Added = {2017-07-15 03:40:45 +0000},
	Date-Modified = {2017-07-15 03:42:51 +0000},
	Journal = {EPL(Europhsics Letters)},
	Title = {Simulated Tempering: A New Monte Carlo Scheme},
	Year = {1992}}

@book{b:HandbookofMarkovChainMonteCarlo,
	Date-Added = {2017-07-15 03:30:06 +0000},
	Date-Modified = {2017-07-15 08:33:05 +0000},
	Editor = {Steve Brooks and Andrew Gelman and Galin L. Jones and Xiao-Li Meng},
	Publisher = {CRC Press},
	Title = {Handbook of Markov Chain Monte Carlo},
	Year = {2011}}

@book{b:MonteCarloStatisticalMethods,
	Author = {Christian P. Robert and George Casella},
	Date-Added = {2017-07-10 04:12:58 +0000},
	Date-Modified = {2017-07-10 04:15:33 +0000},
	Edition = {Secont Edition},
	Publisher = {Springer},
	Title = {Monte Carlo Statistical Methods},
	Year = {2004}}

@article{a:AVarianceAnalysisoftheMetropolisLightTransportAlgorithm,
	Author = {Michael Ashikhmin and Simon Premo{\v z}e and Peter Shirley and Brian Smits},
	Date-Added = {2017-07-09 08:12:21 +0000},
	Date-Modified = {2017-07-10 09:06:12 +0000},
	Journal = {Computers \& Graphics},
	Title = {A Variance Analysis of the Metropolis Light Transport Algorithm},
	Year = {2000}}

@article{a:ReversibleJumpMetropolisLightTransportusingInverseMappings,
	Author = {Benedikt Bitterli and Wenzel Jakob and Jan Nov\'{a}k and Wojciech Jarosz},
	Date-Added = {2017-07-07 01:17:18 +0000},
	Date-Modified = {2017-07-07 01:18:41 +0000},
	Journal = {ACM Transactions on Graphics},
	Title = {Reversible Jump Metropolis Light Transport using Inverse Mappings},
	Year = {2017}}

@article{a:InformedChoicesinParimarySampleSpace,
	Author = {Benedikt Bitterli},
	Date-Added = {2017-07-07 01:16:26 +0000},
	Date-Modified = {2017-07-07 01:16:59 +0000},
	Journal = {Master's Thesis},
	Title = {Informed Choices in Parimary Sample Space},
	Year = {2015}}

@article{a:MultiplexedMetropolisLightTransport,
	Author = {Toshiya Hachisuka and Anton S Kaplanyan and Carsten Dachsbacher},
	Date-Added = {2017-07-07 01:15:09 +0000},
	Date-Modified = {2017-07-07 01:16:05 +0000},
	Journal = {ACM Transactions on Graphics},
	Title = {Multiplexed Metropolis Light Transport},
	Year = {2014}}

@article{a:ASimpleandRobustMutationStrategyfortheMetropolisLightTransportAlgorithm,
	Author = {Kelemen, Csaba and Szirmay-Kalos, Laszlo and Antal, Gyorgy and Csonka, Ferenc},
	Date-Added = {2017-07-07 01:11:44 +0000},
	Date-Modified = {2017-07-07 01:13:53 +0000},
	Journal = {Computer Graphics Forum},
	Title = {A Simple and Robust Mutation Strategy for the Metropolis Light Transport Algorithm},
	Year = {2002}}

@article{a:SimpleandRobustMutationStrategyforMetropolisLightTransportAlgorithm,
	Author = {Csaba Kelemen and L{'a}szl{'o} Szirmay-Kalos},
	Date-Added = {2017-07-07 01:09:50 +0000},
	Date-Modified = {2017-07-07 01:11:13 +0000},
	Journal = {Dagstuhl Seminar on Monte-Carlo Methods in Rendering 2001},
	Title = {Simple and Robust Mutation Strategy for Metropolis Light Transport Algorithm},
	Year = {2001}}

@article{a:GradientDomainMetropolisLightTransport,
	Author = {Jaakko Lehtinen and Tero Karras and Samuli Laine and Miika Aittala and Fr\'{e}do Durand and Timo Aila},
	Date-Added = {2017-07-07 01:05:21 +0000},
	Date-Modified = {2017-07-07 01:06:23 +0000},
	Journal = {ACM Trans. Graph},
	Title = {Gradient-Domain Metropolis Light Transport},
	Year = {2013}}

@article{a:ChartedMetropolisLightTransport,
	Author = {Jacopo Pantaleoni},
	Date-Added = {2017-07-07 01:03:22 +0000},
	Date-Modified = {2017-07-07 01:04:48 +0000},
	Journal = {SIGGRAPH 2017},
	Title = {Charted Metropolis Light Transport},
	Year = {2017}}

@article{a:RobustLightTransportSimulationviaMetropolisedBidirectionalEstimators,
	Author = {Martin {\v S}ik and Hisanari Otsu and Toshiya Hachisuka and Jaroslav K{\v r}iv{\'a}nek},
	Date-Added = {2017-07-07 00:59:13 +0000},
	Date-Modified = {2017-07-07 01:02:46 +0000},
	Journal = {ACM Transactions on Graphics (Proceedings of SIGGRAPH Asia)},
	Title = {Robust Light Transport Simulation via Metropolised Bidirectional Estimators},
	Year = {2016}}

@article{a:ASpatialTargetFunctionforMetropolisPhotonTracing,
	Author = {A Gruson and M Ribardiere and M Sik and J Vorba and R Cozot and K Bouatouch and J Krivanek},
	Date-Added = {2017-07-07 00:57:39 +0000},
	Date-Modified = {2017-07-07 00:58:41 +0000},
	Journal = {ACM Transaction on Graphics, 2016},
	Title = {A Spatial Target Function for Metropolis Photon Tracing},
	Year = {2016}}

@article{a:AnisotropicGaussianMutationsforMetropolisLightTransportthroughHessian-HamiltonianDynamics,
	Author = {Tzu-Mao Li and Jaakko Lehtinen and Ravi Ramamoorthi and Wenzel Jakob and Fr{\~A}{\copyright}do Durand},
	Date-Added = {2017-07-07 00:55:12 +0000},
	Date-Modified = {2017-07-07 00:56:49 +0000},
	Journal = {ACM Transactions on Graphics (Proceedings of SIGGRAPH Asia)},
	Title = {Anisotropic Gaussian Mutations for Metropolis Light Transport through Hessian-Hamiltonian Dynamics},
	Year = {2015}}

@article{a:CoherentMetropolisLightTransportwithMultiple-TryMutations,
	Author = {B. Segovia and J.C. Iehl and B. P{\'e}roche},
	Date-Added = {2017-07-07 00:52:40 +0000},
	Date-Modified = {2017-07-07 00:53:10 +0000},
	Journal = {2007},
	Title = {Coherent Metropolis Light Transport with Multiple-Try Mutations}}

@article{a:EnergyRedistributionPathTracing,
	Author = {David Cline and Justin Talbot and Parris Egbert},
	Date-Added = {2017-07-07 00:49:52 +0000},
	Date-Modified = {2017-07-07 00:54:52 +0000},
	Journal = {ACM Transactions on Graphics (TOG)},
	Title = {Energy Redistribution Path Tracing},
	Year = {2005}}

@article{a:MetropolisLightTransport,
	Author = {Eric Veach and Leonidas J. Guibas},
	Date-Added = {2017-07-07 00:48:08 +0000},
	Date-Modified = {2017-07-07 00:55:03 +0000},
	Journal = {SIGGRAPH 97 Proceedings},
	Title = {Metropolis Light Transport},
	Year = {1997}}

@article{a:ComparativeanalysisofdiscreteandcontinuousabsorptionweightingestimatorsusedinMonteCarlosimulationsofradiativetransportinturbidmedia,
	Author = {Carole K. Hayakawa and Jerome Spanier and Vasan Venugopalan},
	Date-Added = {2017-07-01 09:52:56 +0000},
	Date-Modified = {2017-07-01 09:53:43 +0000},
	Journal = {J Opt Soc Am A Opt Image Sci Vis},
	Title = {Comparative analysis of discrete and continuous absorption weighting estimators used in Monte Carlo simulations of radiative transport in turbid media},
	Year = {2014}}

@article{a:TechniquesusedintheGEMcodeforMonteCarloneu-tronicscalculationsinreactorsandothersystemsofcomplexgeometry,
	Author = {E. Woodcock and T. Murphy and P. Hemmings and T. Longworth},
	Date-Added = {2017-06-30 14:30:08 +0000},
	Date-Modified = {2017-06-30 14:40:13 +0000},
	Journal = {Applications of Computing Methods to Reactor Problems},
	Title = {Techniques used in the GEM code for Monte Carlo neu- tronics calculations in reactors and other systems of complex geometry},
	Year = {1965}}

@article{a:UnbiasedGlobalIlluminationwithParticipatingMedia,
	Author = {Matthias Raab and Daniel Seibert and Alexander Keller},
	Date-Added = {2017-06-30 14:23:18 +0000},
	Date-Modified = {2017-10-09 01:32:06 +0000},
	Journal = {Monte Carlo and Quasi-Monte Carlo Methods},
	Title = {Unbiased Global Illumination with Participating Media},
	Year = {2008}}

@article{a:TheBeamRadianceEstimateforVolumetricPhotonMapping,
	Author = {Wojciech Jarosz and Matthias Zwicker and Henrik Wann Jensen},
	Date-Added = {2017-06-27 12:16:43 +0000},
	Date-Modified = {2017-06-27 12:17:24 +0000},
	Journal = {EUROGRAPHICS 2008},
	Title = {The Beam Radiance Estimate for Volumetric Photon Mapping},
	Year = {2008}}

@article{a:EfficientFreePathSamplinginInhomogeneousMedia,
	Author = {L{\'a}szl{\'o} Szirmay-Kalos and Bal{\'a}zs T{\'o}th and Mil{\'a}n Magdics and Bal{\'a}zs Cs{\'e}bfalvi},
	Date-Added = {2017-06-26 09:30:17 +0000},
	Date-Modified = {2017-06-26 09:31:06 +0000},
	Journal = {EUROGRAPHICS 2010},
	Title = {Efficient Free Path Sampling in Inhomogeneous Media},
	Year = {2010}}

@article{a:ResidualRatioTrackingforEstimatingAttenuationinParticipatingMedia,
	Author = {Jan Nov{\'a}k and Andrew Selle and Wojciech Jarosz},
	Date-Added = {2017-06-26 09:28:18 +0000},
	Date-Modified = {2017-06-26 09:29:50 +0000},
	Journal = {SIGGRAPH Asia 2014 conference proceedings},
	Title = {Residual Ratio Tracking for Estimating Attenuation in Participating Media},
	Year = {2014}}

@article{a:FreePathSamplinginHighResolutionInhomogeneousParticipatingMedia,
	Author = {L{\'a}szl{\'o} Szirmay-Kalos and Bal{\'a}zs T{\'o}th and Mil{\'a}n Magdics},
	Date-Added = {2017-06-26 09:24:50 +0000},
	Date-Modified = {2017-06-26 09:27:11 +0000},
	Journal = {Computer Graphics Forum},
	Title = {Free Path Sampling in High Resolution Inhomogeneous Participating Media},
	Year = {2011}}

@article{a:BigHero6:IntothePortal,
	Author = {David Hutchins and Olun Riley and Jesse Erickson and Alexey Stomakhin and Ralf Habel and Michael Kaschalk},
	Date-Added = {2017-06-25 13:30:38 +0000},
	Date-Modified = {2017-06-25 13:32:01 +0000},
	Journal = {SIGGRAPH 2015 Talks},
	Title = {Big Hero 6 : Into the Portal},
	Year = {2015}}

@article{a:AParticlePathbasedMethodforMonteCarloDensityEstimation,
	Author = {M. Lastra and C. Ure{\~n}a and J. Revelles and R. Montes},
	Date-Added = {2017-06-24 08:17:43 +0000},
	Date-Modified = {2017-06-24 08:18:33 +0000},
	Journal = {Thirteenth Eurographics Workshop on Rendering},
	Title = {A Particle-Path based Method for Monte Carlo Density Estimation},
	Year = {2002}}

@article{a:Diffuseradiationinthegalaxy,
	Author = {Louis George Henyey and Jesse Leonard Greenstein},
	Date-Added = {2017-06-22 16:01:24 +0000},
	Date-Modified = {2017-06-22 16:01:56 +0000},
	Journal = {Astrophysics},
	Title = {Diffuse radiation in the galaxy},
	Year = {1941}}

@article{a:UnbiasedLightTransportEstimatorsforInhomogeneousParticipatingMedia,
	Author = {L{\'a}szl{\'o} Szirmay-Kalos and Iliyan Georgiev and Mil{\'a}n Magdics and Bal{\'a}zs Moln{\'a}r and D{\'a}vid L{\'e}gr{\'a}dy},
	Date-Added = {2017-06-20 09:43:44 +0000},
	Date-Modified = {2017-06-20 09:45:10 +0000},
	Journal = {EUROGRAPHICS 2017},
	Title = {Unbiased Light Transport Estimators for Inhomogeneous Participating Media},
	Year = {2017}}

@article{a:BeyondPointsandBeams:Higher-DimensionalPhotonSamplesforVolumetricLightTransport,
	Author = {Benedikt Bitterli and Wojciech Jarosz},
	Date-Added = {2017-06-20 09:42:56 +0000},
	Date-Modified = {2017-06-20 09:43:29 +0000},
	Journal = {ACM Transactions on Graphics},
	Title = {Beyond Points and Beams: Higher-Dimensional Photon Samples for Volumetric Light Transport},
	Year = {2017}}

@article{a:ExtendedPathIntegralFormulationforVolumetricTransport,
	Author = {Toshiya Hachisuka and Iliyan Georgiev and Wojciech Jarosz and Jaroslav K{\v r}iv{\'a}nek and Derek Nowrouzezahrai},
	Date-Added = {2017-06-20 09:39:15 +0000},
	Date-Modified = {2017-06-20 09:41:37 +0000},
	Journal = {Proceedings of EGSR},
	Title = {Extended Path Integral Formulation for Volumetric Transport},
	Year = {2017}}

@article{a:Robustlighttransportsimulationinparticipatingmedia,
	Author = {Petr V{\'e}voda},
	Date-Added = {2017-06-20 09:38:29 +0000},
	Date-Modified = {2017-06-20 09:38:51 +0000},
	Journal = {Master's Thesis},
	Title = {Robust light transport simulation in participating media},
	Year = {2014}}

@article{a:PhotonBeamDiffusion:AHybridMonteCarloMethodforSubsurfaceScattering,
	Author = {Ralf Habel and Per H. Christensen and Wojciech Jarosz},
	Date-Added = {2017-06-20 09:35:26 +0000},
	Date-Modified = {2017-06-20 09:36:02 +0000},
	Journal = {Eurographics Symposium on Rendering},
	Title = {Photon Beam Diffusion: A Hybrid Monte Carlo Method for Subsurface Scattering},
	Year = {2013}}

@article{a:UnifyingPointsBeamsandPathsinVolumetricLightTransportSimulation,
	Author = {Jaroslav K{\v r}iv{\'a}nek and Iliyan Georgiev and Toshiya Hachisuka and Petr V{\'e}voda and Martin {\v S}ik and Derek Nowrouzezahrai and Wojciech Jarosz},
	Date-Added = {2017-06-20 09:34:04 +0000},
	Date-Modified = {2017-06-20 09:35:08 +0000},
	Journal = {ACM Transactions on Graphics (Proceedings of SIGGRAPH)},
	Title = {Unifying Points, Beams, and Paths in Volumetric Light Transport Simulation},
	Year = {2014}}

@article{a:JointImportanceSamplingofLow-OrderVolumetricScattering,
	Author = {Iliyan Georgiev and Jaroslav K{\v r}iv{\'a}nek and Toshiya Hachisuka and Derek Nowrouzezahrai and Wojciech Jarosz},
	Date-Added = {2017-06-20 09:31:57 +0000},
	Date-Modified = {2017-06-20 09:33:37 +0000},
	Journal = {ACM Transactions on Graphics (Proceedings of SIGGRAPH Asia)},
	Title = {Joint Importance Sampling of Low-Order Volumetric Scattering},
	Year = {2013}}

@article{a:ProgressivePhotonBeams,
	Author = {Wojciech Jarosz and Derek Nowrouzezahrai and Robert Thomas and Peter-Pike Sloan and Matthias Zwicker},
	Date-Added = {2017-06-20 09:30:31 +0000},
	Date-Modified = {2017-06-20 09:31:44 +0000},
	Journal = {ACM SIGGRAPH Asia 2011 conference proceedings},
	Title = {Progressive Photon Beams},
	Year = {2011}}

@article{a:AComprehensiveTheoryofVolumetricRadianceEstimationusingPhotonPointsandBeams,
	Author = {Wojciech Jarosz and Derek Nowrouzezahrai and Iman Sadeghi and Henrik Wann Jensen},
	Date-Added = {2017-06-20 09:27:33 +0000},
	Date-Modified = {2017-06-20 09:30:07 +0000},
	Journal = {ACM Transactions on Graphics},
	Title = {A Comprehensive Theory of Volumetric Radiance Estimation using Photon Points and Beams},
	Year = {2011}}

@article{a:RayMapsforGlobalIllumination,
	Author = {Vlastimil Havran and Jiri Bittner and Robert Herzog and Hans-Peter Seidel},
	Date-Added = {2017-06-20 09:21:55 +0000},
	Date-Modified = {2017-06-20 09:27:11 +0000},
	Journal = {Eurographics Symposium on Rendering},
	Title = {Ray Maps for Global Illumination},
	Year = {2005}}

@article{a:EfficientSimulationofLightTransportinSceneswithParticipatingMediausingPhotonMaps,
	Author = {Henrik Wann Jensen and Per H. Christensen},
	Date-Added = {2017-06-20 09:17:42 +0000},
	Date-Modified = {2017-06-20 09:21:26 +0000},
	Journal = {Proceedings of SIGGRAPH'98},
	Title = {Efficient Simulation of Light Transport in Scenes with Participating Media using Photon Maps},
	Year = {1998}}

@article{a:BidirectionalPhotonMapping,
	Author = {Jiri Vorba},
	Date-Added = {2017-06-15 04:34:23 +0000},
	Date-Modified = {2017-06-15 04:35:36 +0000},
	Journal = {Proceedings of the Central European Seminar on Computer Graphics},
	Title = {Bidirectional Photon Mapping},
	Year = {2011}}

@article{a:APathSpaceExtensionforRobustLightTransportSimulation,
	Author = {Toshiya Hachisuka and Jacopo Pantaleoni and Henrik Wann Jensen},
	Date-Added = {2017-06-13 07:35:09 +0000},
	Date-Modified = {2017-06-13 07:37:22 +0000},
	Journal = {ACM Transactions on Graphics (TOG)},
	Title = {A Path Space Extension for Robust Light Transport Simulation},
	Year = {2012}}

@article{a:LightTransportSimulationwithVertexConnectionandMerging,
	Author = {Iliyan Georgiev and Jaroslav Krivanek and Tomas Davidovic and Philipp Slusallek},
	Date-Added = {2017-06-13 07:30:31 +0000},
	Date-Modified = {2017-06-13 07:34:45 +0000},
	Journal = {ACM Transactions on Graphics (TOG)},
	Title = {Light Transport Simulation with Vertex Connection and Merging},
	Year = {2012}}

@article{a:AProgressiveErrorEstimationFrameworkforPhotonDensityEstimation,
	Author = {Toshiya Hachisuka and Wojciech Jarosz and Henrik Wann Jensen},
	Date-Added = {2017-06-05 06:47:18 +0000},
	Date-Modified = {2017-06-05 06:49:23 +0000},
	Journal = {ACM Transactions on Graphics (Proceedings of SIGGRAPH Asia)},
	Title = {A Progressive Error Estimation Framework for Photon Density Estimation},
	Year = {2010}}

@article{a:ProgressivePhotonMappingAProbabilisticApproach,
	Author = {Claude Knaus and Matthias Zwicker},
	Date-Added = {2017-06-04 09:32:29 +0000},
	Date-Modified = {2017-06-04 09:33:07 +0000},
	Journal = {ACM Transactions on Graphics (TOG)},
	Title = {Progressive Photon Mapping: A Probabilistic Approach},
	Year = {2011}}

@article{a:AdaptiveProgressivePhotonMapping,
	Author = {Anton S Kaplanyan and Carsten Dachsbacher},
	Date-Added = {2017-06-01 12:02:22 +0000},
	Date-Modified = {2017-06-01 12:04:02 +0000},
	Journal = {ACM Transactions on Graphics (TOG)},
	Title = {Adaptive Progressive Photon Mapping},
	Year = {2013}}

@article{a:Densityestimationforstatisticsanddataanalysis,
	Author = {B.W. Silverman},
	Date-Added = {2017-05-30 15:34:39 +0000},
	Date-Modified = {2017-05-30 15:35:59 +0000},
	Journal = {Monographs on Statistics and Applied Probability},
	Title = {Density estimation for statistics and data analysis},
	Year = {1986}}

@article{a:FastFinalGatheringviaReversePhotonMapping,
	Author = {Vlastimil Havran and Robert Herzog and Hans-Peter Seidel},
	Date-Added = {2017-05-27 13:35:19 +0000},
	Date-Modified = {2017-05-27 13:36:04 +0000},
	Journal = {EUROGRAPHICS 2005},
	Title = {Fast Final Gathering via Reverse Photon Mapping},
	Year = {2005}}

@article{a:BuildingaBalancedkdTreeinOknlognTime,
	Author = {Russell A. Brown},
	Date-Added = {2017-05-17 10:30:22 +0000},
	Date-Modified = {2017-05-17 10:31:50 +0000},
	Journal = {Journal of Computer Graphics Techniques},
	Title = {Building a Balanced $k$-d Tree in $O(kn \log n)$ Time},
	Year = {2015}}

@article{a:RenderingcausticsonnonLambertiansurfaces,
	Author = {Henrik Wann Jensen},
	Date-Added = {2017-05-17 03:42:03 +0000},
	Date-Modified = {2017-05-17 03:42:51 +0000},
	Journal = {Proceedings of Graphics Interface},
	Title = {Rendering caustics on non-Lambertian surfaces},
	Year = {1996}}

@article{a:Ptex:PerFaceTextureMappingforProductionRendering,
	Author = {Brent Burley and Dylan Lacewell},
	Date-Added = {2017-04-14 07:09:10 +0000},
	Date-Modified = {2017-04-14 07:09:56 +0000},
	Journal = {Eurographics Symposium on Rendering 2008},
	Title = {Ptex: Per-Face Texture Mapping for Production Rendering},
	Year = {2008}}

@article{a:LocalShadingCoherenceExtractionforSIMD-EfficientPathTracingonCPUs,
	Author = {Attila T. {\'A}fra and Carsten Benthin and Ingo Wald and Jacob Munkberg},
	Date-Added = {2017-04-14 03:09:58 +0000},
	Date-Modified = {2017-04-14 03:10:38 +0000},
	Journal = {High Performance Graphics (2016)},
	Title = {Local Shading Coherence Extraction for SIMD-Efficient Path Tracing on CPUs},
	Year = {2016}}

@article{a:CombiningSingleandPacketRayTracingforArbitraryRayDistributionsontheIntelRMICArchitecture,
	Author = {Carsten Benthin and Ingo Wald and Sven Woop and Manfred Ernst and William R. Mark},
	Date-Added = {2017-04-14 02:48:19 +0000},
	Date-Modified = {2017-04-14 02:50:09 +0000},
	Journal = {IEEE Trans Vis Comput Graph},
	Title = {Combining Single and Packet Ray Tracing for Arbitrary Ray Distributions on the Intel⃝R MIC Architecture},
	Year = {2012}}

@article{a:GeometricandArithmeticCullingMethodsforEntireRayPackets,
	Author = {Solomon Boulos and Ingo Wald and Peter Shirley},
	Date-Added = {2017-04-13 05:27:53 +0000},
	Date-Modified = {2017-04-13 05:28:51 +0000},
	Journal = {School of Computing, University of Utah, Technical Report No UUCS-06-10},
	Title = {Geometric and Arithmetic Culling Methods for Entire Ray Packets},
	Year = {2006}}

@article{a:DynamicRayStreamTraversal,
	Author = {Rasmus Barringer and Tomas Akenine-Mo ̈ller},
	Date-Added = {2017-04-09 09:09:44 +0000},
	Date-Modified = {2017-04-09 09:10:36 +0000},
	Journal = {ACM Transactions on Graphics},
	Title = {Dynamic Ray Stream Traversal},
	Year = {2014}}

@article{a:RobustBVHRayTraversal-revised,
	Author = {Thiago Ize},
	Date-Added = {2017-04-08 13:34:16 +0000},
	Date-Modified = {2017-04-08 13:34:49 +0000},
	Journal = {Journal of Computer Graphics Techniques},
	Title = {Robust BVH Ray Traversal - revised},
	Year = {2015}}

@article{a:EfficientRayTracingKernelsforModernCPUArchitectures,
	Author = {Valentin Fuetterling and Carsten Lojewski and Franz-Josef Pfreundt and Achim Ebert},
	Date-Added = {2017-04-08 04:23:19 +0000},
	Date-Modified = {2017-04-08 04:24:16 +0000},
	Journal = {Journal of Computer Graphics Techniques},
	Title = {Efficient Ray Tracing Kernels for Modern CPU Architectures},
	Year = {2015}}

@article{a:GettingRidofPackets,
	Author = {Ingo Wald and Carsten Benthin and Solomon Boulos},
	Date-Added = {2017-04-08 03:41:10 +0000},
	Date-Modified = {2017-04-08 03:43:05 +0000},
	Journal = {Proceedings of IEEE Symposium on Interactive Ray Tracing},
	Title = {Getting Rid of Packets -- Efficient SIMD Single-Ray Traversal using Multi-branching BVHs --},
	Year = {2008}}

@article{a:TheEdgeVolumeHeuristicRobustTriangleSubdivisionforImprovedBVHPer-formance,
	Author = {Holger Dammertz and Alexander Keller},
	Date-Added = {2017-04-08 01:35:37 +0000},
	Date-Modified = {2017-04-08 01:37:37 +0000},
	Journal = {IEEE Symposium on Interactive Ray Tracing},
	Title = {The Edge Volume Heuristic - Robust Triangle Subdivision for Improved BVH Per- formance},
	Year = {2008}}

@article{a:EarlySplitClippingforBoundingVolumeHierarchies,
	Author = {Manfred Ernst and Gunther Greiner},
	Date-Added = {2017-04-08 01:32:53 +0000},
	Date-Modified = {2017-04-08 01:37:15 +0000},
	Journal = {Proceedings Eurographics/IEEE Symposium on Interactive Ray Tracing},
	Title = {Early Split Clipping for Bounding Volume Hierarchies},
	Year = {2007}}

@article{a:Automaticcreationofobjecthierarchiesforraytracing,
	Author = {Goldsmith and Salmon},
	Date-Added = {2017-04-07 17:06:12 +0000},
	Date-Modified = {2017-04-07 17:07:11 +0000},
	Journal = {IEEE Comput. Graph. Appl},
	Title = {Automatic creation of object hierarchies for ray tracing},
	Year = {1987}}

@article{a:Heuristicsforraytracingusingspacesubdivision,
	Author = {MacDonald and Booth},
	Date-Added = {2017-04-07 17:02:30 +0000},
	Date-Modified = {2017-04-07 17:03:10 +0000},
	Journal = {Proceedings of Graphics Interface},
	Title = {Heuristics for ray tracing using space subdivision},
	Year = {1989}}

@article{a:SpatialSplitsinBoundingVolumeHierarchies,
	Author = {Martin Stich and Heiko Friedrich and Andreas Dietrich},
	Date-Added = {2017-04-07 13:30:37 +0000},
	Date-Modified = {2017-04-07 13:36:37 +0000},
	Journal = {Proceedings of the Conference on High Performance Graphics},
	Title = {Spatial Splits in Bounding Volume Hierarchies},
	Year = {2009}}

@book{b:LocalRegressionandLikelihood,
	Author = {Clive Loader},
	Date-Added = {2017-04-03 11:13:09 +0000},
	Date-Modified = {2017-04-03 11:14:11 +0000},
	Publisher = {Springer},
	Title = {Local Regression and Likelihood},
	Year = {1999}}

@article{a:SmoothingbyLocalRegression:PrinciplesandMethods,
	Author = {William S. Cleveland and Clive Loader},
	Date-Added = {2017-04-03 08:28:35 +0000},
	Date-Modified = {2017-04-03 08:29:43 +0000},
	Title = {Smoothing by Local Regression: Principles and Methods},
	Year = {1996}}

@book{b:nonparametricregression,
	Author = {John Fox},
	Date-Added = {2017-04-03 02:32:49 +0000},
	Date-Modified = {2017-04-03 03:01:12 +0000},
	Publisher = {SAGE Publications, Inc.},
	Title = {Nonparametric Simple Regression: Smoothing Scatterplots},
	Year = {2000}}

@article{a:AnovelMonteCarlonoisereductionoperator,
	Author = {Ruifeng Xu and Sumanta N. Pattanaik},
	Date-Added = {2017-03-23 01:23:08 +0000},
	Date-Modified = {2017-03-23 01:27:13 +0000},
	Journal = {IEEE Computer Graphics and Application},
	Title = {A novel Monte Carlo noise reduction operator},
	Year = {2005}}

@article{a:Ontheoriginofthebilateralfilterandwaystoimproveit,
	Author = {M. Elad},
	Date-Added = {2017-03-22 15:52:06 +0000},
	Date-Modified = {2017-03-22 15:53:59 +0000},
	Journal = {IEEE Transactions on Image Processing},
	Title = {On the origin of the bilateral filter and ways to improve it},
	Year = {2002}}

@article{a:Bilateralfilteringforgrayandcolorimages,
	Author = {C. Tomasi and R. Manduchi},
	Date-Added = {2017-03-22 15:48:25 +0000},
	Date-Modified = {2017-03-22 15:50:57 +0000},
	Journal = {Computer Vision, 1998. Sixth International Conference on},
	Title = {Bilateral filtering for gray and color images},
	Year = {1998}}

@article{a:AdaptiveRenderingaposteriorimethods,
	Author = {Fabrice Rousselle},
	Date-Added = {2017-03-20 00:46:20 +0000},
	Date-Modified = {2017-03-20 00:46:54 +0000},
	Journal = {EUROGRAPHICS 2015},
	Title = {Adaptive Rendering a posteriori methods},
	Year = {2015}}

@article{a:AmachinelearningapproachforfilteringMonteCarlonoise,
	Author = {Nima Khademi Kalantari and Steve Bako and Pradeep Sen},
	Date-Added = {2017-03-19 12:37:54 +0000},
	Date-Modified = {2017-03-19 12:38:32 +0000},
	Title = {A machine learning approach for filtering Monte Carlo noise},
	Year = {2015}}

@article{a:AdaptivePolynomialRendering,
	Author = {Bochang Moon and Steven McDonagh and Kenny Mitchell and Markus Gross},
	Date-Added = {2017-03-19 03:20:42 +0000},
	Date-Modified = {2017-03-19 03:21:42 +0000},
	Journal = {ACM Transactions on Graphics (TOG)},
	Title = {Adaptive Polynomial Rendering},
	Year = {2016}}

@article{a:RegularizingImageReconstructionforGradient-DomainRenderingwithFeaturePatches,
	Author = {M. Manzi and D. Vicini and M. Zwicker},
	Date-Added = {2017-03-18 06:27:35 +0000},
	Date-Modified = {2017-03-18 06:28:09 +0000},
	Journal = {EUROGRAPHICS},
	Title = {Regularizing Image Reconstruction for Gradient-Domain Rendering with Feature Patches},
	Year = {2016}}

@article{a:NonlinearlyWeightedFirstorderRegressionforDenoisingMonteCarloRenderings,
	Author = {Benedikt Bitterli and Fabrice Rousselle and Bochang Moon and Jos{\'e} A. Iglesias-Guiti{\'a}n and David Adler and Kenny Mitchell and Wojciech Jarosz and Jan Nov{\'a}k},
	Date-Added = {2017-03-18 06:25:46 +0000},
	Date-Modified = {2017-03-18 06:27:24 +0000},
	Journal = {Eurographics Symposium on Rendering},
	Title = {Nonlinearly Weighted First-order Regression for Denoising Monte Carlo Renderings},
	Year = {2016}}

@article{a:AdaptiveRenderingwithLinearPredictions,
	Author = {Bochang Moon and Jose A. Iglesias-Guitian and Sung-Eui Yoon and Kenny Mitchell},
	Date-Added = {2017-03-18 06:24:54 +0000},
	Date-Modified = {2017-03-18 06:25:36 +0000},
	Title = {Adaptive Rendering with Linear Predictions},
	Year = {2015}}

@article{a:AdaptiveRenderingbasedonWeightedLocalRegression,
	Author = {Bochang Moon and Nathan Carr and Sung-Eui Yoon},
	Date-Added = {2017-03-18 06:24:16 +0000},
	Date-Modified = {2017-03-18 06:24:44 +0000},
	Journal = {ACM Transactions on Graphics (TOG)},
	Title = {Adaptive Rendering based on Weighted Local Regression},
	Year = {2014}}

@article{a:SUREbasedOptimizationforAdaptiveSamplingandReconstruction,
	Author = {Tzu-Mao Li and Yu-Ting Wu and Yung-Yu Chuang},
	Date-Added = {2017-03-18 06:22:36 +0000},
	Date-Modified = {2017-03-18 06:23:11 +0000},
	Title = {SURE-based Optimization for Adaptive Sampling and Reconstruction},
	Year = {2012}}

@article{a:RobustImageDenoisingusingaVirtualFlashImageforMonteCarloRayTracing,
	Author = {Bochang Moon and Jong Yun Jun and JongHyeob Lee and Kunho Kim and Toshiya Hachisuka and Sung-Eui Yoon},
	Date-Added = {2017-03-18 06:21:23 +0000},
	Date-Modified = {2017-03-18 06:22:25 +0000},
	Journal = {Computer Graphics Forum},
	Title = {Robust Image Denoising using a Virtual Flash Image for Monte Carlo Ray Tracing},
	Year = {2012}}

@article{a:TemporalLightFieldReconstructionforRenderingDistributionEffects,
	Author = {Jaakko Lehtinen and Timo Aila and Jiawen Chen and Samuli Laine and Fredo Durand},
	Date-Added = {2017-03-18 06:19:14 +0000},
	Date-Modified = {2017-03-18 06:20:14 +0000},
	Title = {Temporal Light Field Reconstruction for Rendering Distribution Effects},
	Year = {2011}}

@article{a:OnFilteringtheNoisefromtheRandomParametersinMonteCarloRendering,
	Author = {Pradeep Sen and Soheil Darabi},
	Date-Added = {2017-03-18 06:18:36 +0000},
	Date-Modified = {2017-03-18 06:19:00 +0000},
	Journal = {ACM Transactions on Graphics (TOG)},
	Title = {On Filtering the Noise from the Random Parameters in Monte Carlo Rendering},
	Year = {2011}}

@article{a:ImplementationofRandomParameterFiltering,
	Author = {Pradeep Sen and Soheil Darabi},
	Date-Added = {2017-03-18 06:17:08 +0000},
	Date-Modified = {2017-03-18 06:18:21 +0000},
	Journal = {University of New Mexico Technical Report},
	Title = {Implementation of Random Parameter Filtering},
	Year = {2011}}

@article{a:BoostingMonteCarloRenderingbyRayHistogramFusion,
	Author = {Mauricio Delbracio and Pablo Muse and Antoni Buades and Julien Chauvier and Nicholas Phelps and Jean-Michel Morel},
	Date-Added = {2017-03-18 06:10:54 +0000},
	Date-Modified = {2017-03-18 06:15:46 +0000},
	Title = {Boosting Monte Carlo Rendering by Ray Histogram Fusion},
	Year = {2014}}

@article{a:RemovingtheNoiseinMonteCarloRenderingwithGeneralImageDenoisingAlgorithms,
	Author = {Nima Khademi Kalantari and Pradeep Sen},
	Date-Added = {2017-03-18 06:10:14 +0000},
	Date-Modified = {2017-03-18 06:10:38 +0000},
	Journal = {EUROGRAPHICS 2013},
	Title = {Removing the Noise in Monte Carlo Rendering with General Image Denoising Algorithms},
	Year = {2013}}

@article{a:AdaptiveRenderingwithNonLocalMeansFiltering,
	Author = {Fabrice Rousselle and Claude Knaus and Matthias Zwicker},
	Date-Added = {2017-03-18 06:08:38 +0000},
	Date-Modified = {2017-03-18 06:09:49 +0000},
	Title = {Adaptive Rendering with Non-Local Means Filtering},
	Year = {2012}}

@article{a:Areviewofimagedenoisingalgorithmswithanewone,
	Author = {Antoni Buades and Bartomeu Coll and Jean-Michel Morel},
	Date-Added = {2017-03-18 06:07:00 +0000},
	Date-Modified = {2017-03-18 06:08:14 +0000},
	Journal = {SIAM Journal on Multiscale Modeling and Simulation: A SIAM Interdisci- plinary Journal},
	Title = {A review of image denoising algorithms, with a new one},
	Year = {2005}}

@article{a:AdaptiveSamplingandReconstructionusingGreedyErrorMinimization,
	Author = {Fabrice Rousselle and Claude Knaus and Matthias Zwicker},
	Date-Added = {2017-03-18 06:05:48 +0000},
	Date-Modified = {2017-03-18 06:06:32 +0000},
	Journal = {ACM Transactions on Graphics (TOG)},
	Title = {Adaptive Sampling and Reconstruction using Greedy Error Minimization},
	Year = {2011}}

@article{a:AdaptiveWaveletRendering,
	Author = {Ryan S. Overbeck and Craig Donner and Ravi Ramamoorthi},
	Date-Added = {2017-03-18 06:04:13 +0000},
	Date-Modified = {2017-03-18 06:05:11 +0000},
	Title = {Adaptive Wavelet Rendering},
	Year = {2009}}

@article{a:Fast4DShearedFilteringforInteractiveRenderingofDistributionEffects,
	Author = {Ling-Qi Yan and Soham Uday Mehta and Ravi Ramamoorthi and Fredo Durand},
	Date-Added = {2017-03-04 16:07:05 +0000},
	Date-Modified = {2017-03-04 16:08:17 +0000},
	Journal = {ACM Transactions on Graphics},
	Title = {Fast 4D Sheared Filtering for Interactive Rendering of Distribution Effects},
	Year = {2015}}

@article{a:AFrequencyAnalysisofMonteCarloandotherNumericalIntegrationSchemes,
	Author = {Fredo Durand},
	Date-Added = {2017-03-03 11:16:31 +0000},
	Date-Modified = {2017-03-03 11:17:51 +0000},
	Journal = {Computer Science and Artificial Intelligence Laboratory Technical Report},
	Month = {December},
	Title = {A Frequency Analysis of Monte-Carlo and other Numerical Integration Schemes},
	Year = {2011}}

@article{a:FrequencyAnalysisandShearedReconstructionforRenderingMotionBlur,
	Author = {Kevin Egan and Yu-Ting Tseng and Nicolas Holzschuch and Fr{\'{e}}do Durand and Ravi Ramamoorthi},
	Date-Added = {2017-02-22 11:47:31 +0000},
	Date-Modified = {2017-02-22 11:48:53 +0000},
	Journal = {SIGGRAPH (ACM Transactions on Graphics)},
	Title = {Frequency Analysis and Sheared Reconstruction for Rendering Motion Blur},
	Year = {2009}}

@article{a:ReconstructingtheIndirectLightFieldforGlobalIllumination,
	Author = {Jaakko Lehtinen and Timo Aila and Samuli Laine and Fre ́do Durand},
	Date-Added = {2017-02-18 02:33:05 +0000},
	Date-Modified = {2017-02-18 02:34:23 +0000},
	Journal = {ACM Transactions on Graphics},
	Title = {Reconstructing the Indirect Light Field for Global Illumination},
	Year = {2012}}

@article{a:ThePathtoPath-TracedMovies,
	Author = {Per H. Christensen and Wojciech Jarosz},
	Date-Added = {2017-02-17 05:17:08 +0000},
	Date-Modified = {2017-02-17 05:18:30 +0000},
	Journal = {Foundations and Trends in Computer Graphics and Vision},
	Title = {The Path to Path-Traced Movies},
	Year = {2016}}

@article{a:PathspaceMotionEstimationandDecompositionforRobustAnimationFiltering,
	Author = {Henning Zimmer and Fabrice Rousselle and Wenzel Jakob and Oliver Wang and David Adler and Wojciech Jarosz and Olga Sorkine-Hornung and Alexander Sorkine-Hornung},
	Date-Added = {2017-01-31 06:19:01 +0000},
	Date-Modified = {2017-01-31 06:20:37 +0000},
	Journal = {Eurographics Symposium on Rendering},
	Title = {Path-space Motion Estimation and Decomposition for Robust Animation Filtering},
	Year = {2015}}

@article{a:RobustDenoisingusingFeatureandColorInformation,
	Author = {Fabrice Rousselle and Marco Manzi and Matthias Zwicker},
	Date-Added = {2017-01-31 06:16:46 +0000},
	Date-Modified = {2017-01-31 06:18:43 +0000},
	Journal = {Computer Graphics Forum},
	Title = {Robust Denoising using Feature and Color Information},
	Year = {2013}}

@article{a:RecentAdvancesinAdaptiveSamplingandReconstructionforMonteCarloRendering,
	Author = {M. Zwicker and W. Jarosz and J. Lehtinen and B. Moon and R. Ramamoorthi and F. Rousselle and P. Sen and C. Soler and S.-E. Yoon},
	Date-Added = {2017-01-31 06:14:10 +0000},
	Date-Modified = {2017-01-31 06:16:00 +0000},
	Journal = {EUROGRAPHICS 2015},
	Title = {Recent Advances in Adaptive Sampling and Reconstruction for Monte Carlo Rendering},
	Year = {2015}}

@article{a:ManifoldNextEventEstimation,
	Author = {Johannes Hanika and Marc Droske and Luca Fascione},
	Date-Added = {2017-01-22 06:10:38 +0000},
	Date-Modified = {2017-01-22 06:10:59 +0000},
	Journal = {Eurographics Symposium on Rendering},
	Title = {Manifold Next Event Estimation},
	Year = {2015}}

@article{a:ImprovedHalfVectorSpaceLightTransport,
	Author = {Johannes Hanika and Anton Kaplanyan and Carsten Dachsbacher},
	Date-Added = {2017-01-22 06:09:29 +0000},
	Date-Modified = {2017-01-22 06:10:25 +0000},
	Journal = {Eurographics Symposium on Rendering},
	Title = {Improved Half Vector Space Light Transport},
	Year = {2015}}

@article{a:TheNaturalConstraintRepresentationofthePathSpaceforEfficientLightTransportSimulation,
	Author = {Anton S. Kaplanyan and Johannes Hanika and Carsten Dachsbacher},
	Date-Added = {2017-01-22 06:08:36 +0000},
	Date-Modified = {2017-01-22 06:09:17 +0000},
	Journal = {ACM Transactions on Graphics},
	Title = {The Natural-Constraint Representation of the Path Space for Efficient Light Transport Simulation},
	Year = {2014}}

@article{a:HeroWavelengthSpectralSampling,
	Author = {A. Wilkie and S. Nawaz and M. Droske and A. Weidlich and J. Hanika},
	Date-Added = {2017-01-22 06:07:13 +0000},
	Date-Modified = {2017-01-22 06:08:16 +0000},
	Journal = {Eurographics Symposium on Rendering},
	Title = {Hero Wavelength Spectral Sampling},
	Year = {2014}}

@article{a:LIGHTTRANSPORTONPATHSPACEMANIFOLDS,
	Author = {Wenzel Alban Jakob},
	Date-Added = {2017-01-22 06:05:05 +0000},
	Date-Modified = {2017-01-22 06:07:01 +0000},
	Journal = {Dissertation},
	Title = {Light Transport on Path-space Manifolds},
	Year = {2013}}

@article{a:ManifoldExplorationAMarkovChainMonteCarloTechniqueforRenderingSceneswithDifficultSpecularTransport,
	Author = {Wenzel Jakob and Steve Marschner},
	Date-Added = {2017-01-22 06:03:41 +0000},
	Date-Modified = {2017-01-22 06:04:31 +0000},
	Journal = {ACM Transactions on Graphics},
	Title = {Manifold Exploration: A Markov Chain Monte Carlo Technique for Rendering Scenes with Difficult Specular Transport},
	Year = {2012}}

@article{a:AntialiasingThroughStochasticSampling,
	Author = {Mark A. Z. Dippe and Erling Henry Wold},
	Date-Added = {2017-01-21 07:17:10 +0000},
	Date-Modified = {2017-01-21 07:18:21 +0000},
	Title = {Antialiasing Through Stochastic Sampling},
	Year = {1985}}

@article{a:SupplementalMaterialforGradientDomainPathTracing,
	Author = {Markus Kettunen and Marco Manzi and Miika Aittala and Jaakko Lehtinen and Fre ́do Durand and Matthias Zwicker},
	Date-Added = {2017-01-21 06:56:34 +0000},
	Date-Modified = {2017-01-21 06:57:19 +0000},
	Journal = {ACM Transactions on Graphics},
	Title = {Supplemental Material for Gradient-Domain Path Tracing},
	Year = {2015}}

@article{a:FourierAnalysisofthe2DScreenedPoissonEquationforGradientDomainProblems,
	Author = {Pravin Bhat and Brian Curless and Michael Cohen and C. Lawrence Zitnick},
	Date-Added = {2017-01-17 09:44:06 +0000},
	Date-Modified = {2017-01-17 09:47:56 +0000},
	Journal = {ECCV 2008},
	Title = {Fourier Analysis of the 2D Screened Poisson Equation for Gradient Domain Problems},
	Year = {2008}}

@article{a:PoissonImageEditing,
	Author = {Patrick Perez and Michel Gangnet and Andrew Blake},
	Date-Added = {2017-01-17 08:13:06 +0000},
	Date-Modified = {2017-01-17 08:24:10 +0000},
	Journal = {ACM Transactions on Graphics},
	Title = {Poisson Image Editing},
	Year = {2003}}

@article{a:TemporalGradient-DomainPathTracing,
	Author = {Marco Manzi and Markus Kettunen and Fre ́do Durand and Matthias Zwicker and Jaakko Lehtinen},
	Date-Added = {2017-01-15 09:27:46 +0000},
	Date-Modified = {2017-01-15 09:29:07 +0000},
	Journal = {ACM Transactions on Graphics},
	Title = {Temporal Gradient-Domain Path Tracing},
	Year = {2016}}

@article{a:Gradient-DomainBidirectionalPathTracing,
	Author = {Markus Kettunen and Marco Manzi and Miika Aittala and Jaakko Lehtinen and Fre ́do Durand and Matthias Zwicker},
	Date-Added = {2017-01-15 09:26:14 +0000},
	Date-Modified = {2017-01-15 09:27:22 +0000},
	Journal = {Eurographics Symposium on Rendering},
	Title = {Gradient-Domain Bidirectional Path Tracing},
	Year = {2015}}

@article{a:GradientDomainPathTracing,
	Author = {Markus Kettunen and Marco Manzi and Miika Aittala and Jaakko Lehtinen and Fre ́do Durand and Matthias Zwicker},
	Date-Added = {2017-01-15 09:24:28 +0000},
	Date-Modified = {2017-01-15 09:25:35 +0000},
	Journal = {ACM Transactions on Graphics},
	Title = {Gradient-Domain Path Tracing},
	Year = {2015}}

@article{a:ImprovedSamplingforGradientDomainMetropolisLightTransport,
	Author = {Marco Manzi and Fabrice Rousselle and Markus Kettunen and Jaakko Lehtinen and Matthias Zwicker},
	Date-Added = {2017-01-15 09:22:51 +0000},
	Date-Modified = {2017-01-15 09:24:09 +0000},
	Journal = {ACM Transactions on Graphics},
	Title = {Improved Sampling for Gradient-Domain Metropolis Light Transport},
	Year = {2014}}

@misc{a:GradientdomainpathtracingGPTandgradientdomainbidirectionalpathtracingGBDPTforMitsubarenderer,
	Author = {Markus Kettunen and Marco Manzi and Miika Aittala and Jaakko Lehtinen and Fr{\'e}do Durand and Matthias Zwicker},
	Date-Added = {2017-01-15 09:16:51 +0000},
	Date-Modified = {2017-01-20 11:19:35 +0000},
	Howpublished = {\url{https://github.com/mmanzi/gradientdomain-mitsuba}},
	Title = {Gradient-domain path tracing (G-PT) and gradient-domain bidirectional path tracing (G-BDPT) for Mitsuba renderer},
	Year = {2015}}

@misc{a:Covariancetracingsourcecode,
	Author = {Laurent Belcour},
	Date-Added = {2017-01-06 02:54:11 +0000},
	Date-Modified = {2017-01-06 03:24:17 +0000},
	Howpublished = {\url{https://github. com/belcour/CovarianceTracing}},
	Title = {Covariance tracing source code},
	Year = {2016}}

@article{a:FundamentalsofTextureMappingandImageWarping,
	Author = {Paul S. Heckbert},
	Date-Added = {2017-01-04 02:14:12 +0000},
	Date-Modified = {2017-01-04 02:15:20 +0000},
	Journal = {Master's Thesis},
	Title = {Fundamentals of Texture Mapping and Image Warping},
	Year = {1989}}

@article{a:AntialiasingComplexGlobalIlluminationEffectsinPath-space,
	Author = {Laurent Belcour and Ling-Qi Yan and Ravi Ramamoorthi and Derek Nowrouzezahrai},
	Date-Added = {2017-01-02 08:46:22 +0000},
	Date-Modified = {2017-01-02 08:47:15 +0000},
	Journal = {ACM Transactions on Graphics},
	Title = {Antialiasing Complex Global Illumination Effects in Path-space},
	Year = {2016}}

@article{a:ALocalFrequencyAnalysisofLightScatteringandAbsorption,
	Author = {Laurent Belcour and Kavita Bala and Cyril Soler},
	Date-Added = {2017-01-02 08:45:03 +0000},
	Date-Modified = {2017-06-04 09:36:00 +0000},
	Journal = {ACM Transactions on Graphics},
	Title = {A Local Frequency Analysis of Light Scattering and Absorption},
	Year = {2014}}

@article{a:5DCovarianceTracingforEfficientDefocusandMotionBlur,
	Author = {Laurent Belcour and Cyril Soler and Kartic Subr and Nicolas Holzschuch and Fredo Durand},
	Date-Added = {2017-01-02 08:42:49 +0000},
	Date-Modified = {2017-01-02 08:44:41 +0000},
	Title = {5D Covariance Tracing for Efficient Defocus and Motion Blur},
	Year = {2013}}

@article{a:AFrequencyAnalysisofLightTransportfromtheorytoimplementation,
	Author = {Laurent Belcour},
	Date-Added = {2017-01-02 08:41:12 +0000},
	Date-Modified = {2017-01-02 08:41:41 +0000},
	Title = {A Frequency Analysis of Light Transport from theory to implementation},
	Year = {2012}}

@article{a:AFrequencyAnalysisofLightTransport,
	Author = {Fr{\'e}do Durand and Nicolas Holzschuch and Cyril Soler and Eric Chan and Franc ̧ois X. Sillion},
	Date-Added = {2017-01-02 08:38:50 +0000},
	Date-Modified = {2017-01-05 01:39:06 +0000},
	Title = {A Frequency Analysis of Light Transport},
	Year = {2005}}

@article{a:RayTracingfortheMovieCars,
	Author = {Per H. Christensen and Julian Fong and David M. Laur and Dana Batali},
	Date-Added = {2016-12-31 15:40:10 +0000},
	Date-Modified = {2016-12-31 15:41:20 +0000},
	Title = {Ray Tracing for the Movie `Cars'},
	Year = {2006}}

@article{a:RayDifferentialsandMultiresolutionGeometryCachingforDistributionRayTracinginComplexScenes,
	Author = {Per H. Christensen and David M. Laur and Julian Fong and Wayne L. Wooten and Dana Batali},
	Date-Added = {2016-12-30 15:28:58 +0000},
	Date-Modified = {2016-12-30 15:30:15 +0000},
	Journal = {EUROGRAPHICS 2003},
	Title = {Ray Differentials and Multiresolution Geometry Caching for Distribution Ray Tracing in Complex Scenes},
	Year = {2003}}

@article{a:Principlesandappli-cationsofpenciltracing,
	Author = {M. Shinya and T. Takahashi and S. Naito},
	Date-Added = {2016-12-30 15:07:02 +0000},
	Date-Modified = {2016-12-30 15:07:43 +0000},
	Journal = {SIGGRAPH '87},
	Title = {Principles and appli- cations of pencil tracing},
	Year = {1987}}

@article{a:Beamtracingpolygonalobjects,
	Author = {P. Heckbert and P. Hanrahan},
	Date-Added = {2016-12-30 15:04:33 +0000},
	Date-Modified = {2016-12-30 15:05:13 +0000},
	Journal = {SIGGRAPH '84},
	Title = {Beam tracing polygonal objects},
	Year = {1984}}

@article{a:BidirectionalEstimatorsforLightTransport,
	Author = {Eric Veach},
	Date-Added = {2016-12-21 09:34:10 +0000},
	Date-Modified = {2016-12-21 09:34:49 +0000},
	Title = {Bidirectional Estimators for Light Transp ort},
	Year = {1994}}

@article{a:Bi-directionalpathtracing,
	Author = {Eric P. Lafortune and Yves D. Willems},
	Date-Added = {2016-12-21 09:30:25 +0000},
	Date-Modified = {2016-12-21 09:33:03 +0000},
	Title = {Bi-directional path tracing},
	Year = {1993}}

@article{a:Adaptiveradiositytexturesforbidirectionalraytracing,
	Author = {Paul Heckbert},
	Date-Added = {2016-12-19 04:30:48 +0000},
	Date-Modified = {2016-12-19 04:31:23 +0000},
	Title = {Adaptive radiosity textures for bidirectional ray tracing},
	Year = {1990}}

@article{a:FiveCommonMisconceptionsaboutBiasinLightTransportSimulation,
	Author = {Toshiya Hachisuka},
	Date-Added = {2016-12-15 09:58:41 +0000},
	Date-Modified = {2016-12-15 09:59:05 +0000},
	Title = {Five Common Misconceptions about Bias in Light Transport Simulation},
	Year = {2013}}

@article{a:EquationofStateCalculationsbyFastComputingMachines,
	Author = {N. Metropolis and A.W. Rosenbluth and M.N. Rosenbluth and A.H. Teller and E. Teller},
	Date-Added = {2016-11-05 08:41:38 +0000},
	Date-Modified = {2016-11-05 08:42:35 +0000},
	Journal = {Journal of Chemical Physics},
	Title = {Equation of State Calculations by Fast Computing Machines},
	Year = {1953}}

@article{a:NVIDIAOpenGLExtensionsSpecifications,
	Author = {Nvidia},
	Date-Added = {2016-10-20 21:21:03 +0000},
	Date-Modified = {2016-10-20 21:23:40 +0000},
	Title = {NVIDIA OpenGL Extensions Specifications},
	Url = {https://developer.nvidia.com/ nvidia-opengl-specs},
	Year = {2014},
	Bdsk-Url-1 = {https://developer.nvidia.com/%20nvidia-opengl-specs}}

@article{a:AggregateG-BufferAnti-AliasinginUnrealEngine4,
	Author = {Louis Bavoil and Cyril Crassin},
	Date-Added = {2016-10-20 08:49:43 +0000},
	Date-Modified = {2016-10-20 08:50:30 +0000},
	Journal = {Advanced Real-Time Rendering Course SIGGRAPH 2016},
	Title = {Aggregate G-Buffer Anti-Aliasing in Unreal Engine 4},
	Year = {2016}}

@article{a:AggregateG-BufferAnti-Aliasing,
	Author = {Cyril Crassin and Morgan McGuire and Kayvon Fatahalian and Aaron Lefohn},
	Date-Added = {2016-10-20 08:48:02 +0000},
	Date-Modified = {2016-10-20 08:49:08 +0000},
	Journal = {i3D 2015},
	Title = {Aggregate G-Buffer Anti-Aliasing},
	Year = {2015}}

@article{a:AggregateG-BufferAnti-Aliasing-ExtendedVersion-,
	Author = {Cyril Crassin and Morgan McGuire and Kayvon Fatahalian and Aaron Lefohn},
	Date-Added = {2016-10-20 08:45:39 +0000},
	Date-Modified = {2016-10-20 19:57:00 +0000},
	Journal = {TVCG},
	Title = {Aggregate G-Buffer Anti-Aliasing -Extended Version-},
	Year = {2016}}

@article{a:TemporalReprojectionAnti-AliasinginINSIDE,
	Author = {Lasse Jon Fuglsang Pedersen},
	Date-Added = {2016-10-20 08:41:45 +0000},
	Date-Modified = {2016-10-20 08:42:28 +0000},
	Journal = {GDC 2016},
	Title = {Temporal Reprojection Anti-Aliasing in INSIDE},
	Year = {2016}}

@article{a:RealtimeglobalilluminationandreflectionsinDust514,
	Author = {Hugh Malan},
	Date-Added = {2016-10-20 01:46:04 +0000},
	Date-Modified = {2016-10-20 01:48:03 +0000},
	Journal = {Advanced Real-Time Rendering Course SIGGRAPH 2012},
	Title = {Realtime global illumination and reflections in Dust 514},
	Year = {2012}}

@article{a:AnExcursioninTemporalSupersampling,
	Author = {Marco Salvi},
	Date-Added = {2016-10-19 14:17:06 +0000},
	Date-Modified = {2016-10-19 14:17:51 +0000},
	Journal = {GDC 2016},
	Title = {An Excursion in Temporal Supersampling},
	Year = {2016}}

@article{a:TemporalAntialiasingInUncharted4,
	Author = {Ke Xu},
	Date-Added = {2016-10-19 06:24:22 +0000},
	Date-Modified = {2017-01-15 13:20:51 +0000},
	Journal = {Advanced Real-Time Rendering Course, SIGGRAPH 2016},
	Title = {Temporal Antialiasing In Uncharted 4},
	Year = {2016}}

@article{a:HighQualityTemporalSupersampling,
	Author = {Brian Karis},
	Date-Added = {2016-10-18 07:29:09 +0000},
	Date-Modified = {2016-10-18 07:29:55 +0000},
	Journal = {SIGGRAPH 2014},
	Title = {High Quality Temporal Supersampling},
	Year = {2014}}

@article{a:AcceleratingReal-TimeShadingwithReverseReprojectionCaching,
	Author = {Diego Nehab and Pedro V. Sander and Jason Lawrence and Natalya Tatarchuk and John R. Isidoro},
	Date-Added = {2016-10-18 06:48:41 +0000},
	Date-Modified = {2016-10-18 06:49:42 +0000},
	Journal = {Graphics Hardware},
	Title = {Accelerating Real-Time Shading with Reverse Reprojection Caching},
	Year = {2007}}

@article{a:PixelCorrectShadowMapswithTemporalReprojectionandShadowTestConfidence,
	Author = {Daniel Scherzer and Stefan Jeschke and Michael Wimmer},
	Date-Added = {2016-10-18 06:47:05 +0000},
	Date-Modified = {2016-10-18 06:47:56 +0000},
	Journal = {Eurographics Symposium on Rendering 2007},
	Title = {Pixel-Correct Shadow Maps with Temporal Reprojection and Shadow Test Confidence},
	Year = {2007}}

@article{a:AmortizedSupersampling,
	Author = {Lei Yang and Diego Nehab and Pedro V. Sander and Pitchaya Sitthi-amorn and Jason Lawrence and Hugues Hoppe},
	Date-Added = {2016-10-17 23:50:56 +0000},
	Date-Modified = {2017-09-05 07:09:52 +0000},
	Title = {Amortized Supersampling},
	Year = {2009}}

@article{a:PracticalMorphologicalAnti-Aliasing,
	Author = {Jorge Jimenez and Belen Masia and Jose I. Echevarria and Fernando Navarro and Diego Gutierrez},
	Date-Added = {2016-10-16 02:00:49 +0000},
	Date-Modified = {2016-10-16 02:01:38 +0000},
	Title = {Practical Morphological Anti-Aliasing},
	Year = {2011}}

@article{a:Anti-AliasingMethodsinCryENGINE3,
	Author = {Tiago Sousa},
	Date-Added = {2016-10-16 00:29:51 +0000},
	Date-Modified = {2016-10-16 00:30:59 +0000},
	Journal = {SIGGRAPH 2011},
	Title = {Anti-Aliasing Methods in CryENGINE 3},
	Year = {2011}}

@article{a:SMAA:EnhancedSubpixelMorphologicalAntialiasing,
	Author = {Jorge Jimenez and Jose I. Echevarria and Tiago Sousa and Diego Gutierrez},
	Date-Added = {2016-10-15 14:37:42 +0000},
	Date-Modified = {2016-10-15 14:38:29 +0000},
	Journal = {EUROGRAPHICS 2012},
	Title = {SMAA: Enhanced Subpixel Morphological Antialiasing},
	Year = {2012}}

@article{a:FXAA,
	Author = {Timothy Lottes},
	Date-Added = {2016-10-15 14:21:26 +0000},
	Date-Modified = {2016-10-15 14:21:46 +0000},
	Title = {FXAA},
	Year = {2009}}

@article{a:SubpixelReconstructionAntialiasingforDeferredShading,
	Author = {Matthaus G. Chajdas and Morgan McGuire and David Luebke},
	Date-Added = {2016-10-15 14:18:54 +0000},
	Date-Modified = {2017-01-15 13:20:06 +0000},
	Title = {Subpixel Reconstruction Antialiasing for Deferred Shading},
	Year = {2011}}

@article{a:MorphologicalAntialiasing,
	Author = {Alexander Reshetov},
	Date-Added = {2016-10-15 06:39:40 +0000},
	Date-Modified = {2016-10-15 06:40:45 +0000},
	Title = {Morphological Antialiasing},
	Year = {2009}}

@article{a:FilteringApproachesforReal-TimeAnti-Aliasing,
	Author = {Jorge Jimenez and Diego Gutierrez and Jason Yang and Alexander Reshetov and Pete Demoreuille and Tobias Berghoff and Cedric Perthuis and Henry Yu and Morgan McGuire and Timothy Lottes and Hugh Malan and Emil Persson and Dmitry Andreev and Tiago Sousa},
	Date-Added = {2016-10-13 13:59:17 +0000},
	Date-Modified = {2016-10-13 14:00:27 +0000},
	Journal = {ACM SIGGRAPH Courses},
	Title = {Filtering Approaches for Real-Time Anti-Aliasing},
	Year = {2011}}

@book{a:GPUPro7:AdvancedRenderingTechniques,
	Date-Added = {2016-10-09 05:30:06 +0000},
	Date-Modified = {2016-10-09 05:31:45 +0000},
	Editor = {Wolfgang Engel},
	Publisher = {CRC Press},
	Title = {GPU Pro 7: Advanced Rendering Techniques},
	Year = {2016}}

@article{a:PracticalClusteredShading,
	Author = {Emil Persson},
	Date-Added = {2016-10-09 05:11:59 +0000},
	Date-Modified = {2016-10-09 05:12:43 +0000},
	Journal = {SIGGRAPH 2015},
	Title = {Practical Clustered Shading},
	Year = {2015}}

@article{a:Glift:GenericEfficientRandom-AccessGPUDataStructures,
	Author = {Aaron E. Lefohn and Joe Kniss and Robert Strzodka and Shubhabrata Sengupta and John D. Owens},
	Date-Added = {2016-10-09 04:35:48 +0000},
	Date-Modified = {2016-10-09 04:38:30 +0000},
	Journal = {ACM Transactions on Graphics},
	Month = {January},
	Title = {Glift: Generic, Efficient, Random-Access GPU Data Structures},
	Year = {2006}}

@article{a:VirtualTexturing,
	Author = {Albert Julian Mayer},
	Date-Added = {2016-10-09 04:31:07 +0000},
	Date-Modified = {2016-10-09 04:34:53 +0000},
	Title = {Virtual Texturing},
	Year = {2010}}

@article{a:Learningfromfailure,
	Author = {Alex Evans},
	Date-Added = {2016-10-08 13:35:03 +0000},
	Date-Modified = {2016-10-08 13:36:46 +0000},
	Journal = {Advanced Real-Time Rendering in 3D Graphics and Games},
	Title = {Learning from failure: A Survey of Promising, Unconventional and Mostly Abandoned Renderers for `Dreams PS4', a Geometrically Dense, Painterly UGC Game},
	Year = {2015}}

@article{a:ClusteredDeferredandForwardShading,
	Author = {Ola Olsson and Markus Billeter and Ulf Assarsson},
	Date-Added = {2016-10-08 04:53:34 +0000},
	Date-Modified = {2016-10-08 04:54:21 +0000},
	Journal = {High Performance Graphics (2012)},
	Title = {Clustered Deferred and Forward Shading},
	Year = {2012}}

@article{a:ForwardBringingDeferredLightingtotheNextLevel,
	Author = {Takahiro Harada and Jay McKee and Jason Yang},
	Date-Added = {2016-10-07 14:32:35 +0000},
	Date-Modified = {2016-10-07 14:34:38 +0000},
	Journal = {EUROGRAPHICS 2012},
	Title = {Forward+: Bringing Deferred Lighting to the Next Level},
	Year = {2012}}

@article{a:SPU-basedDeferredShadingforBattlefield3onPlaystation3,
	Author = {Christina Coffin},
	Date-Added = {2016-10-07 14:01:51 +0000},
	Date-Modified = {2016-10-07 14:02:48 +0000},
	Journal = {GDC},
	Title = {SPU-based Deferred Shading for Battlefield 3 on Playstation 3},
	Year = {2011}}

@article{a:TiledShading,
	Author = {Ola Olsson and Ulf Assarsson},
	Date-Added = {2016-10-07 10:42:25 +0000},
	Date-Modified = {2016-10-07 10:43:01 +0000},
	Journal = {JGT 2011},
	Title = {Tiled Shading},
	Year = {2011}}

@article{a:DeferredLightinginUncharted4,
	Author = {Ramy El Garawany},
	Date-Added = {2016-10-06 10:40:16 +0000},
	Date-Modified = {2016-10-06 10:41:38 +0000},
	Journal = {Advanced Real-Time Rendering Course SIGGRAPH 2016},
	Title = {Deferred Lighting in Uncharted 4},
	Year = {2016}}

@article{a:Low-levelShaderOptimizationforNext-GenandDX11,
	Author = {Emil Persson},
	Date-Added = {2016-10-06 10:35:24 +0000},
	Date-Modified = {2016-10-06 10:39:36 +0000},
	Journal = {AMD and Microsoft Game Developer Day},
	Title = {Low-level Shader Optimization for Next-Gen and DX11},
	Year = {2014}}

@article{a:TheCompactYCoCgFrameBuffer,
	Author = {Pavlos Mavridis and Georgios Papaioannou},
	Date-Added = {2016-10-06 08:32:22 +0000},
	Date-Modified = {2016-10-06 08:32:56 +0000},
	Journal = {Journal of Computer Graphics Techniques},
	Title = {The Compact YCoCg Frame Buffer},
	Year = {2012}}

@article{a:AbitmoreDeferred-CryEngine3,
	Author = {Martin Mittring},
	Date-Added = {2016-10-06 06:21:16 +0000},
	Date-Modified = {2016-10-20 10:45:29 +0000},
	Journal = {Triangle Game Conference 2009},
	Title = {"A bit more Deferred'' - CryEngine 3},
	Year = {2009}}

@article{a:RenderingfromCompressedTextures,
	Author = {Andrew C. Beers and Maneesh Agrawala and Navin Chaddha},
	Date-Added = {2016-09-23 01:18:40 +0000},
	Date-Modified = {2016-09-23 01:20:11 +0000},
	Title = {Rendering from Compressed Textures},
	Year = {1996}}

@book{b:TheOpenGLShadingLanguage,
	Author = {John Kessenich and Dave Baldwin and Randi Rost},
	Date-Added = {2016-09-03 02:29:32 +0000},
	Date-Modified = {2016-09-03 02:30:44 +0000},
	Publisher = {The Khronos Group Inc.},
	Title = {The OpenGL Shading Language},
	Year = {2016}}

@book{b:OpenGL4.5CoreProfile,
	Author = {Mark Segal and Kurt Akeley},
	Date-Added = {2016-09-03 02:24:21 +0000},
	Date-Modified = {2016-09-03 02:26:48 +0000},
	Month = {July},
	Publisher = {The Khronos Group Inc.},
	Title = {OpenGL 4.5 Core Profile},
	Year = {2016}}

@book{b:OpenGLProgrammingGuide:TheOfficialGuidetoLearningOpenGLVersion4.3,
	Author = {Dave Shreiner and Graham Sellers and John Kessenich and Bill Licea-Kane},
	Date-Added = {2016-09-03 01:29:33 +0000},
	Date-Modified = {2016-09-03 02:23:06 +0000},
	Publisher = {Addison-Wesley},
	Title = {OpenGL Programming Guide: The Official Guide to Learning OpenGL, Version 4.3},
	Year = {2013}}

@article{a:NVIDIAsNextGenerationCUDATMComputeArchitecture:KeplerTMGK110/210,
	Author = {Nvidia},
	Date-Added = {2016-08-23 13:20:19 +0000},
	Date-Modified = {2016-08-23 13:20:47 +0000},
	Journal = {Whitepaper},
	Title = {NVIDIA's Next Generation CUDATM Compute Architecture: KeplerTM GK110/210}}

@article{a:CUDACPROGRAMMINGGUIDE,
	Author = {Nvidia},
	Date-Added = {2016-08-23 08:38:36 +0000},
	Date-Modified = {2016-08-23 08:38:57 +0000},
	Title = {CUDA C PROGRAMMING GUIDE}}

@article{a:PascalArchitectureWhitepaper,
	Author = {Nvidia},
	Date-Added = {2016-08-22 13:46:26 +0000},
	Date-Modified = {2016-08-23 13:21:50 +0000},
	Title = {NVIDIA Tesla P100 The Most Advanced Datacenter Accelerator Ever Built Featuring Pascal GP100, the World's Fastest GPU}}

@article{a:PlayStation3SystemArchitecture,
	Author = {Syler Clayton},
	Date-Added = {2016-08-17 13:41:19 +0000},
	Date-Modified = {2016-08-17 13:42:35 +0000},
	Title = {PlayStation 3 System Architecture},
	Year = {2010}}

@article{a:SynergisticProcessinginCellsMulticoreArchitecture,
	Author = {Michael Gschwind and H. Peter Hofstee and Brian Flachs and Martin Hopkins andYukio Watanabe and Takeshi Yamazaki},
	Date-Added = {2016-08-16 22:55:51 +0000},
	Date-Modified = {2016-08-17 05:13:49 +0000},
	Journal = {High-Performance On-Chip Interconnects},
	Month = {June},
	Title = {Synergistic Processing in Cell's Multicore Architecture},
	Year = {2006}}

@article{a:IntelHyper-ThreadingTechnology,
	Author = {Intel},
	Date-Added = {2016-08-15 12:04:24 +0000},
	Date-Modified = {2016-08-22 15:37:22 +0000},
	Month = {January},
	Title = {Intel Hyper-Threading Technology},
	Year = {2003}}

@article{a:PS4SystemArchitecture,
	Author = {Alex Bensch and Pete Sevich},
	Date-Added = {2016-08-11 00:02:33 +0000},
	Date-Modified = {2016-08-11 00:03:09 +0000},
	Title = {PS4 System Architecture},
	Year = {2014}}

@article{a:AQuantizedDiffusionModelforRenderingTranslucentMaterials,
	Author = {Eugene d'Eon and Geoffrey Irving},
	Date-Added = {2016-08-04 01:00:16 +0000},
	Date-Modified = {2017-01-15 13:22:57 +0000},
	Title = {A Quantized-Diffusion Model for Rendering Translucent Materials},
	Year = {2011}}

@article{a:Apracticalmodelforsubsurfacelighttransport,
	Author = {Henrik Wann Jensen and Stephen R. Marschner and Marc Levoy and Pat Hanrahan},
	Date-Added = {2016-08-03 15:40:24 +0000},
	Date-Modified = {2016-08-03 15:42:06 +0000},
	Journal = {SIGGRAPH '01},
	Title = {A practical model for subsurface light transport},
	Year = {2001}}

@article{a:ExtendingtheDisneyBRDFtoaBSDFwithIntegratedSubsurfaceScattering,
	Author = {Brent Burley},
	Date-Added = {2016-08-01 07:40:15 +0000},
	Date-Modified = {2016-08-01 07:40:53 +0000},
	Title = {Extending the Disney BRDF to a BSDF with Integrated Subsurface Scattering},
	Year = {2015}}

@article{a:IlluminationforComputerGeneratedPictures,
	Author = {Bui Tuong Phong},
	Date-Added = {2016-07-30 02:24:19 +0000},
	Date-Modified = {2016-07-30 02:26:14 +0000},
	Journal = {Communications of the ACM},
	Month = {November},
	Title = {Illumination for Computer Generated Pictures},
	Year = {1975}}

@article{a:TheScatteringofElectromagneticWavesfromRoughSurfaces,
	Author = {Petr Beckmann and Andre Spizzichino},
	Date-Added = {2016-07-30 02:19:00 +0000},
	Date-Modified = {2017-08-24 10:22:35 +0000},
	Journal = {MacMillan},
	Title = {The Scattering of Electromagnetic Waves from Rough Surfaces},
	Year = {1963}}

@article{a:Multiple-ScatteringMicrofacetBSDFswiththeSmithModel,
	Author = {Eric Heitz and Johannes Hanika and Eugene d'Eon and Carsten Dachsbacher},
	Date-Added = {2016-07-29 23:40:31 +0000},
	Date-Modified = {2016-07-29 23:41:38 +0000},
	Journal = {Technical Report},
	Month = {November},
	Title = {Multiple-Scattering Microfacet BSDFs with the Smith Model},
	Year = {2015}}

@article{a:UnderstandingtheMaskingShadowingFunctioninMicrofacetBasedBRDFs,
	Author = {Eric Heitz},
	Date-Added = {2016-07-28 11:55:50 +0000},
	Date-Modified = {2016-07-28 11:57:37 +0000},
	Journal = {Research Report},
	Title = {Understanding the Masking-Shadowing Function in Microfacet-Based BRDFs},
	Year = {2014}}

@article{a:Averageirregularityrepresentationofaroughrayreflection,
	Author = {S. Trowbridge and K. P. Reitz},
	Date-Added = {2016-07-28 06:10:51 +0000},
	Date-Modified = {2016-07-28 06:11:33 +0000},
	Journal = {Journal of the Optical Society of America},
	Title = {Average irregularity representation of a rough ray reflection},
	Year = {1975}}

@article{a:GlobalOptimizationforEstimatingaMultiple-LobeAnalyticalBRDF,
	Author = {Chanki Yu and Yongduek Seo and Sang Wook Lee},
	Date-Added = {2016-07-28 05:52:27 +0000},
	Date-Modified = {2016-07-28 05:53:00 +0000},
	Title = {Global Optimization for Estimating a Multiple-Lobe Analytical BRDF}}

@article{a:Microfacetmodelsforrefractionthroughroughsurfaces,
	Author = {Bruce Walter and Stephen R. Marschner and Hongsong Li and Kenneth E. Torrance},
	Date-Added = {2016-07-28 05:42:11 +0000},
	Date-Modified = {2016-07-28 05:43:23 +0000},
	Journal = {Proceedings of the Eurographics Symposium on Rendering},
	Title = {Microfacet models for refraction through rough surfaces},
	Year = {2007}}

@article{a:PhysicallyBasedShadinginUnity,
	Author = {Aras Pranckevi{\v c}ius},
	Date-Added = {2016-07-27 03:58:18 +0000},
	Date-Modified = {2016-07-27 03:59:02 +0000},
	Journal = {GDC},
	Title = {Physically Based Shading in Unity},
	Year = {2014}}

@article{a:AnOverviewofBRDFModels,
	Author = {Rosana Montes and Carlos Ure{\~n}a},
	Date-Added = {2016-07-27 03:34:53 +0000},
	Date-Modified = {2016-07-27 03:46:09 +0000},
	Journal = {Montes \& Ure{\~n}a. University of Granada},
	Title = {An Overview of BRDF Models},
	Year = {2012}}

@article{a:AComparisonofFourBRDFModels,
	Author = {Stephen H. Westin and Hongsong Li and Kenneth E. Torrance},
	Date-Added = {2016-07-27 03:25:42 +0000},
	Date-Modified = {2016-07-27 03:27:08 +0000},
	Journal = {Eurographics Symposium on Rendering},
	Month = {April},
	Title = {A Comparison of Four BRDF Models},
	Year = {2004}}

@article{a:ExperimentalAnalysisofBRDFModels,
	Author = {Addy Ngan and Fredo Durand and Wojciech Matusik},
	Date-Added = {2016-07-27 03:06:45 +0000},
	Date-Modified = {2016-07-27 03:07:58 +0000},
	Journal = {MitsubishiElectricResearchLaboratories},
	Month = {June},
	Title = {Experimental Analysis of BRDF Models},
	Year = {2005}}

@article{a:ReflectionandtransmissionoflightbyaflatinterfaceFresnelsformulae,
	Author = {Mathieu H{\'e}bert},
	Date-Added = {2016-07-26 09:44:23 +0000},
	Date-Modified = {2016-07-26 09:45:37 +0000},
	Title = {Reflection and transmission of light by a flat interface, Fresnel's formulae},
	Year = {2013}}

@article{a:DirectionalReflectanceandEmissivityofanOpaqueSurface,
	Author = {Fred E. Nicodemus},
	Date-Added = {2016-07-26 02:36:26 +0000},
	Date-Modified = {2016-07-26 02:37:17 +0000},
	Journal = {Optical Society of America},
	Title = {Directional Reflectance and Emissivity of an Opaque Surface},
	Year = {1965}}

@article{a:GeometricConsiderationsandNomenclatureforReflectance,
	Author = {Nicodemus, F.E. and J.C. Richmond and J.J. Hsia and I.W. Ginsberg and T. Limperis},
	Date-Added = {2016-07-26 02:32:50 +0000},
	Date-Modified = {2016-07-26 02:34:36 +0000},
	Journal = {National Bureau of Standards (US)},
	Month = {October},
	Title = {Geometric Considerations and Nomenclature for Reflectance},
	Year = {1977}}

@article{a:TheA-bufferanAntialiasedHiddenSurfaceMethod,
	Author = {Loren Carpenter},
	Date-Added = {2016-07-21 05:51:57 +0000},
	Date-Modified = {2016-07-21 05:52:47 +0000},
	Title = {The A-buffer, an Antialiased Hidden Surface Method},
	Year = {1984}}

@article{a:Jaggededges:whenisfilteringneeded?,
	Author = {Avi C. Naiman},
	Date-Added = {2016-07-21 02:20:47 +0000},
	Date-Modified = {2016-07-21 02:22:04 +0000},
	Journal = {ACM Transactions on Graphics (TOG)},
	Title = {Jagged edges: when is filtering needed?},
	Year = {1998}}

@article{a:AReconstructionFilterforPlausibleMotionBlur,
	Author = {Morgan McGuire and Padraic Hennessy and Michael Bukowski and Brian Osman},
	Date-Added = {2016-07-15 11:41:47 +0000},
	Date-Modified = {2016-07-15 11:43:14 +0000},
	Title = {A Reconstruction Filter for Plausible Motion Blur},
	Year = {2012}}

@book{b:DigitalImageProcessing,
	Author = {Rafael C. Gonzalez and Richard E. Woods},
	Date-Added = {2016-07-14 03:15:16 +0000},
	Date-Modified = {2016-07-14 03:18:53 +0000},
	Editor = {Third Edition},
	Publisher = {Pearson Education, Inc},
	Title = {Digital Image Processing},
	Year = {2010}}

@article{a:LightingControlsforComputerCinematography,
	Author = {Ronen Barzel},
	Date-Added = {2016-07-11 07:54:34 +0000},
	Date-Modified = {2016-07-11 07:56:04 +0000},
	Journal = {Journal of Graphics Tools},
	Title = {Lighting Controls for Computer Cinematography},
	Year = {1997}}

@book{b:PrinciplesofOptics,
	Author = {Max Born and Emil Wolf},
	Date-Added = {2016-07-08 06:26:06 +0000},
	Date-Modified = {2016-07-08 07:27:48 +0000},
	Publisher = {Cambridge University Press},
	Title = {Principles of Optics: Electronmagnetic Theory of Propagation, Interference and Diffraction of Light},
	Year = {1999}}

@article{a:Shape-from-shadingonacloudyday,
	Author = {M. S. Langer and S. W Zucker},
	Date-Added = {2016-07-05 14:57:55 +0000},
	Date-Modified = {2016-07-05 14:58:30 +0000},
	Title = {Shape-from-shading on a cloudy day},
	Year = {1994}}

@article{a:Mipmappingnormalmaps,
	Author = {Michael Toksvig},
	Date-Added = {2016-03-06 04:42:37 +0000},
	Date-Modified = {2016-03-06 04:43:23 +0000},
	Title = {Mipmapping normal maps},
	Year = {2005}}

@article{a:CascadedVolxelConeTracinginTheTomorrowChildren,
	Author = {James McLaren},
	Date-Added = {2016-03-06 01:43:30 +0000},
	Date-Modified = {2016-03-06 01:44:32 +0000},
	Title = {Cascaded Volxel Cone Tracing in The Tomorrow Children},
	Year = {2014}}

@book{b:Real-timeVolumeGraphics,
	Author = {Klaus Engel and Markus Hadwiger and Joe M. Kniss and Christof Rezk-salama and Daniel Weiskopf},
	Date-Added = {2016-03-05 09:45:36 +0000},
	Date-Modified = {2016-03-05 09:46:32 +0000},
	Publisher = {A K Peters},
	Title = {Real-time Volume Graphics},
	Year = {2006}}

@article{a:Thealiasingproblemincomputer-generatedshadedimages,
	Author = {Franklin C. Crow},
	Date-Added = {2016-03-04 13:43:01 +0000},
	Date-Modified = {2016-03-04 13:43:35 +0000},
	Title = {The aliasing problem in computer-generated shaded images},
	Year = {1977}}

@article{a:Renderingfurwiththreedimensionaltextures,
	Author = {J. T. Kajiya and T. L. Kay},
	Date-Added = {2016-03-03 14:19:13 +0000},
	Date-Modified = {2016-03-03 14:21:49 +0000},
	Title = {Rendering fur with three dimensional textures},
	Year = {1989}}

@article{a:Anirradianceatlasforglobalilluminationincomplexproductionscenes,
	Author = {Per H. Christensen and Dana Batali},
	Date-Added = {2016-03-03 05:59:23 +0000},
	Date-Modified = {2016-03-03 05:59:58 +0000},
	Title = {An irradiance atlas for global illumination in complex production scenes},
	Year = {2004}}

@article{a:GigaVoxels:RayGuidedStreamingforEfficientandDetailedVoxelRendering,
	Author = {Cyril Crassin and Fabrice Neyret and Sylvain Lefebvre and Elmar Eisemann},
	Date-Added = {2016-03-02 05:33:39 +0000},
	Date-Modified = {2016-03-02 05:34:22 +0000},
	Title = {GigaVoxels: Ray-Guided Streaming for Efficient and Detailed Voxel Rendering},
	Year = {2009}}

@article{a:RayTracingwithCones,
	Author = {John Amanatides},
	Date-Added = {2016-03-02 05:31:39 +0000},
	Date-Modified = {2016-03-02 05:32:43 +0000},
	Title = {Ray Tracing with Cones},
	Year = {1984}}

@article{a:TheTechnologyBehindtheUnrealEngine4Elementaldemo,
	Author = {Martin Mittring},
	Date-Added = {2016-03-02 03:18:35 +0000},
	Date-Modified = {2016-03-02 03:19:31 +0000},
	Journal = {Advanced Real-Time Rendering in 3D Graphics and Games},
	Title = {The Technology Behind the ``Unreal Engine 4 Elemental demo"},
	Year = {2012}}

@article{a:TheTechnologyofTheTomorrowChildren,
	Author = {James McLaren},
	Date-Added = {2016-03-02 02:34:31 +0000},
	Date-Modified = {2016-03-02 02:35:58 +0000},
	Journal = {Game Developers Conference 2015},
	Month = {March},
	Title = {The Technology of The Tomorrow Children},
	Year = {2015}}

@article{a:InteractiveIndirectIlluminationUsingVoxelConeTracing,
	Author = {Cyril Crassin and Fabrice Neyret and Miguel Sainz and Simon Green and Elmar Eisemann},
	Date-Added = {2016-03-02 02:31:19 +0000},
	Date-Modified = {2016-03-02 02:33:13 +0000},
	Title = {Interactive Indirect Illumination Using Voxel Cone Tracing},
	Year = {2011}}

@article{a:AUnifiedHierarchicalAlgorithmforGlobalIlluminationwithScatteringVolumesandObjectClusters,
	Author = {Francois X. Sillion},
	Date-Added = {2016-02-28 05:49:02 +0000},
	Date-Modified = {2016-02-28 05:51:19 +0000},
	Title = {A Unified Hierarchical Algorithm for Global Illumination with Scattering Volumes and Object Clusters},
	Year = {1995}}

@article{a:Ontherelationshipbetweenradianceandirradiance:determiningtheillumina-tionfromimagesofaconvexlambertianobject.,
	Author = {Ravi Ramamoorthi and Pat Hanrahan},
	Date-Added = {2016-02-27 15:05:01 +0000},
	Date-Modified = {2016-02-27 15:10:21 +0000},
	Title = {On the relationship between radiance and irradiance: determining the illumina- tion from images of a convex lambertian object.},
	Year = {2001}}

@article{a:RadiativeTransfer,
	Author = {Chandrasekhar},
	Date-Added = {2016-02-27 09:28:01 +0000},
	Date-Modified = {2016-02-27 09:32:15 +0000},
	Title = {Radiative Transfer},
	Year = {1950}}

@article{a:Lattice-BoltzmannLighting,
	Author = {Robert Geist and Karl Rasche and James Westall and Robert Schalkoff},
	Date-Added = {2016-02-27 09:24:05 +0000},
	Date-Modified = {2016-02-27 09:25:12 +0000},
	Journal = {Eurographics Symposium on Rendering},
	Title = {Lattice-Boltzmann Lighting},
	Year = {2004}}

@article{a:CascadedLightPropagationVolumesforReal-TimeIndirectIllumination,
	Author = {Anton Kaplanyan and Carsten Dachsbacher},
	Date-Added = {2016-02-27 07:18:43 +0000},
	Date-Modified = {2016-02-27 08:56:59 +0000},
	Journal = {ACM SIGGRAPH Symposium on Interactive 3D Graphics and Games},
	Title = {Cascaded Light Propagation Volumes for Real-Time Indirect Illumination},
	Year = {2010}}

@article{a:LightPropagationVolumesinCryEngine3,
	Author = {Anton Kaplanyan},
	Date-Added = {2016-02-27 07:16:41 +0000},
	Date-Modified = {2016-02-27 07:17:48 +0000},
	Journal = {Advanced Real-Time Rendering in 3D Graphics and Games(SIGGRAPH Course 09)},
	Title = {Light Propagation Volumes in CryEngine 3},
	Year = {2009}}

@article{a:PrecomputedRadianceTransferforRealTimeRenderinginDynamicLowFrequencyLightingEnvironments,
	Author = {Peter-Pike Sloan and Jan Kautz and John Snyder},
	Date-Added = {2016-02-19 09:53:26 +0000},
	Date-Modified = {2016-02-19 09:55:20 +0000},
	Title = {Precomputed Radiance Transfer for Real-Time Rendering in Dynamic, Low-Frequency Lighting Environments},
	Year = {2002}}

@article{a:Hierarchicalimage-spaceradiosityforinteractiveglobalillumination,
	Author = {Greg Nichols and Jeremy Shopf and Chris Wyman},
	Date-Added = {2016-01-24 07:51:34 +0000},
	Date-Modified = {2016-01-24 07:52:38 +0000},
	Journal = {Eurographics Symposium on Rendering 2009},
	Title = {Hierarchical image-space radiosity for interactive global illumination},
	Year = {2009}}

@article{a:Screen-SpaceBiasCompensationfor,
	Author = {Jan Novak and Thomas Engelhardt and Carsten Dachsbacher},
	Date-Added = {2016-01-23 09:40:52 +0000},
	Date-Modified = {2017-10-06 12:27:48 +0000},
	Journal = {Symposium on Interactive 3D Graphics and Games},
	Title = {Screen-Space Bias Compensation for Interactive High-Quality Global Illumination with Virtual Point Lights},
	Year = {2011}}

@article{a:BidirectionalInstantRadiosity,
	Author = {B. Segovia and J. C. Iehl and R. Mitanchey and B. P{\'e}roche},
	Date-Added = {2016-01-22 15:14:08 +0000},
	Date-Modified = {2016-01-22 15:15:23 +0000},
	Journal = {Eurographics Symposium on Rendering 2006},
	Title = {Bidirectional Instant Radiosity},
	Year = {2006}}

@article{a:DynamicAmbientOcclusionandIndirectLighting,
	Author = {Michael Bunnell},
	Date-Added = {2016-01-22 09:22:31 +0000},
	Date-Modified = {2016-01-22 09:23:04 +0000},
	Journal = {GPU Gems 2},
	Title = {Dynamic Ambient Occlusion and Indirect Lighting},
	Year = {2005}}

@article{a:MakingImperfectShadowMapsViewAdaptive,
	Author = {Tobias Ritschel and Elmar Eisemann and Inwoo Ha and James D. K. Kim and Hans-Peter Seidel},
	Date-Added = {2016-01-22 09:07:34 +0000},
	Date-Modified = {2017-10-01 10:50:31 +0000},
	Journal = {Computer Graphics Forum},
	Title = {Making Imperfect Shadow Maps View-Adaptive: High-Quality Global Illumination in Large Dynamic Scenes},
	Year = {2011}}

@article{a:ImperfectShadowMapsforEfficientComputationofIndirectIllumination,
	Author = {T. Ritschel and T. Grosch and M. H. Kim and H.-P. Seidel and C. Dachsbacher and J. Kautz},
	Date-Added = {2016-01-22 09:04:58 +0000},
	Date-Modified = {2016-01-22 09:06:45 +0000},
	Title = {Imperfect Shadow Maps for Efficient Computation of Indirect Illumination},
	Year = {2008}}

@article{a:WaveletImportanceSampling,
	Author = {Petrik Clarberg and Wojciech Jarosz and Tomas Akenine-Mo ̈ller and Henrik Wann Jensen},
	Date-Added = {2016-01-21 18:09:50 +0000},
	Date-Modified = {2017-09-28 05:09:33 +0000},
	Title = {Wavelet Importance Sampling: Efficiently Evaluating Products of Complex Functions},
	Year = {2005}}

@article{a:SplattingIndirectIllumination,
	Author = {Carsten Dachsbacher and Marc Stamminger},
	Date-Added = {2016-01-21 08:03:12 +0000},
	Date-Modified = {2016-01-21 08:03:44 +0000},
	Title = {Splatting Indirect Illumination},
	Year = {2006}}

@article{a:ReflectiveShadowMaps,
	Author = {Carsten Dachsbacher and Marc Stamminger},
	Date-Added = {2016-01-20 16:31:43 +0000},
	Date-Modified = {2016-01-20 16:32:27 +0000},
	Title = {Reflective Shadow Maps},
	Year = {2005}}

@article{a:Quasi-MonteCarloRadiosity,
	Author = {Alexander Keller},
	Date-Added = {2016-01-19 10:34:42 +0000},
	Date-Modified = {2016-01-19 10:35:13 +0000},
	Title = {Quasi-Monte Carlo Radiosity},
	Year = {1996}}

@article{a:InstantRadiosity,
	Author = {Alexander Keller},
	Date-Added = {2016-01-16 12:31:10 +0000},
	Date-Modified = {2016-01-16 12:32:01 +0000},
	Title = {Instant Radiosity},
	Year = {1997}}

@article{a:HardwareAcceleratedGlobalIlluminationbyImageSpacePhotonMapping,
	Author = {Morgan McGuire and David Luebke},
	Date-Added = {2016-01-16 06:45:24 +0000},
	Date-Modified = {2016-01-16 06:46:06 +0000},
	Title = {Hardware-Accelerated Global Illumination by Image Space Photon Mapping},
	Year = {2009}}

@article{a:StochasticProgressivePhotonMapping,
	Author = {Toshiya Hachisuka and Henrik Wann Jensen},
	Date-Added = {2016-01-15 15:22:45 +0000},
	Date-Modified = {2016-01-15 15:23:42 +0000},
	Journal = {ACM Transactions on Graphics},
	Month = {December},
	Number = {5},
	Title = {Stochastic Progressive Photon Mapping},
	Volume = {28},
	Year = {2009}}

@article{a:ProgressivePhotonMapping,
	Author = {Toshiya Hachisuka and Shinji Ogaki and Henrik Wann Jensen},
	Date-Added = {2016-01-15 04:31:57 +0000},
	Date-Modified = {2016-01-15 04:33:32 +0000},
	Journal = {ACM Transactions on Graphics},
	Month = {December},
	Number = {5},
	Title = {Progressive Photon Mapping},
	Volume = {27},
	Year = {2008}}

@article{a:DiffusionbasedPhotonMapping,
	Author = {Lars Schj{\o}th},
	Date-Added = {2016-01-13 08:57:32 +0000},
	Date-Modified = {2016-01-13 08:58:18 +0000},
	Month = {November},
	Title = {Diffusion based Photon Mapping},
	Year = {2005}}

@article{a:StochasticSamplinginComputerGraphics,
	Author = {Robert L. Cook},
	Date-Added = {2016-01-12 16:42:42 +0000},
	Date-Modified = {2016-01-12 16:44:16 +0000},
	Journal = {ACM Transactions on Graphics},
	Month = {January},
	Number = {1},
	Title = {Stochastic Sampling in Computer Graphics},
	Volume = {5},
	Year = {1986}}

@article{a:Pathdifferentialsandapplications,
	Author = {Frank Suykens and Yves D. Willems},
	Date-Added = {2016-01-12 01:57:16 +0000},
	Date-Modified = {2017-01-02 06:14:58 +0000},
	Journal = {Proceedings of the 12th Eurographics Workshop on Rendering},
	Title = {Path differentials and applications},
	Year = {2001}}

@article{a:TracingRayDifferentials,
	Author = {Homan Igehy},
	Date-Added = {2016-01-11 17:12:41 +0000},
	Date-Modified = {2016-12-30 09:27:19 +0000},
	Journal = {SIGGRAPH '99 Proceedings},
	Title = {Tracing Ray Differentials},
	Year = {1999}}

@article{a:IntotheBlue:BetterCausticsthroughPhotonRelaxation,
	Author = {B. Spencer and M. W. Jones},
	Date-Added = {2016-01-11 13:29:31 +0000},
	Date-Modified = {2016-01-11 13:31:14 +0000},
	Journal = {EUROGRAPHICS 2009},
	Number = {2},
	Title = {Into the Blue: Better Caustics through Photon Relaxation},
	Volume = {28},
	Year = {2009}}

@article{a:TemporalPhotonDifferentials,
	Author = {Lars Schj{\o}th and Jeppe Revall Frisvadand and Kenny Erleben and Jon Sporring.},
	Date-Added = {2016-01-11 13:26:34 +0000},
	Date-Modified = {2016-01-11 13:28:52 +0000},
	Journal = {Proceedings of GRAPHITE 2010},
	Title = {Temporal Photon Differentials},
	Year = {2010}}

@article{a:PhotonDifferentials,
	Author = {Lars Schj{\o}th and Jeppe Revall Frisvad and Kenny Erleben and Jon Sporring},
	Date-Added = {2016-01-11 13:22:56 +0000},
	Date-Modified = {2016-01-11 13:25:22 +0000},
	Journal = {Proceedings of GRAPHITE 2007},
	Title = {Photon Differentials},
	Year = {2007}}

@article{a:MultidimensionalBinarySearchTreesUsedforAssociativeSearching,
	Author = {Jon Louis Bentley},
	Date-Added = {2016-01-10 09:56:22 +0000},
	Date-Modified = {2017-05-17 06:10:15 +0000},
	Journal = {Communications of the ACM},
	Title = {Multidimensional Binary SearchTrees Used for Associative Searching},
	Year = {1975}}

@article{a:Realpixels,
	Author = {Greg Ward},
	Date-Added = {2016-01-10 09:18:20 +0000},
	Date-Modified = {2016-01-10 09:18:58 +0000},
	Journal = {Graphics Gems II},
	Title = {Real pixels},
	Year = {1991}}

@article{a:Backwardraytracing,
	Author = {James Arvo},
	Date-Added = {2016-01-09 16:39:01 +0000},
	Date-Modified = {2016-01-09 16:40:03 +0000},
	Journal = {SIGGRAPH '86 Course Notes},
	Title = {Backward ray tracing},
	Year = {1986}}

@book{b:RealisticImageSynthesisUsingPhotonMapping,
	Author = {Henrik Wann Jensen},
	Date-Added = {2016-01-09 16:09:08 +0000},
	Date-Modified = {2016-01-09 16:10:24 +0000},
	Publisher = {A K Peters},
	Title = {Realistic Image Synthesis Using Photon Mapping},
	Year = {2001}}

@article{a:APracticalGuidetoGlobalIlluminationusingPhotonMaps,
	Author = {Henrik Wann Jensen and Niels Jorgen Christensen},
	Date-Added = {2016-01-09 16:07:07 +0000},
	Date-Modified = {2017-05-13 08:39:39 +0000},
	Journal = {SIGGRAPH 2000 Course 8},
	Month = {July},
	Title = {A Practical Guide to Global Illumination using Photon Maps},
	Year = {2000}}

@article{a:TowardPracticalRealTimePhotonMapping:EfficientGPUDensityEstimation,
	Author = {Michael Mara and David Luebke and Morgan McGuire},
	Date-Added = {2016-01-09 13:19:07 +0000},
	Date-Modified = {2016-01-09 13:20:59 +0000},
	Title = {Toward Practical Real-Time Photon Mapping: Efficient GPU Density Estimation},
	Year = {2013}}

@article{a:GlobalIlluminationusingPhotonMaps,
	Author = {Henrik Wann Jensen},
	Date-Added = {2016-01-09 06:37:03 +0000},
	Date-Modified = {2016-01-09 06:37:30 +0000},
	Title = {Global Illumination using Photon Maps},
	Year = {1996}}

@article{a:ImageRenderingbyAdaptiveRefinement,
	Author = {Larry Bergman and Henry Fuchs and Eric Grant and Susan Spach},
	Date-Added = {2016-01-07 04:08:22 +0000},
	Date-Modified = {2016-01-07 04:10:31 +0000},
	Journal = {SIGGRAPH '86},
	Month = {August},
	Number = {3},
	Title = {Image Rendering by Adaptive Refinement},
	Volume = {20},
	Year = {1986}}

@article{a:Real-TimeDynamicRadiosityforHighQualityGlobalIllumination,
	Author = {Marries Van De Hoef},
	Date-Added = {2016-01-05 08:40:42 +0000},
	Date-Modified = {2016-01-05 08:41:59 +0000},
	Month = {December},
	Title = {Real-Time Dynamic Radiosity for High Quality Global Illumination},
	Year = {2013}}

@article{a:EnvironmentMappingandOtherApplicationsofWorldProjections,
	Author = {Ned Greene},
	Date-Added = {2016-01-05 04:42:57 +0000},
	Date-Modified = {2016-01-05 04:43:52 +0000},
	Month = {November},
	Title = {Environment Mapping and Other Applications of World Projections},
	Year = {1986}}

@article{a:AReal-TimeRadiosityArchitectureforVideoGame,
	Author = {Sam Martin and Per Einarsson},
	Date-Added = {2016-01-04 10:40:59 +0000},
	Date-Modified = {2016-01-04 10:46:19 +0000},
	Journal = {SIGGRAPH 2010},
	Title = {A Real-Time Radiosity Architecture for Video Games},
	Year = {2010}}

@article{a:Thehemi-cube:aradiositysolutionforcomplexenvironments,
	Author = {Hichael F. Cohen and Donald P. Greenberg},
	Date-Added = {2016-01-04 02:59:48 +0000},
	Date-Modified = {2016-01-04 03:02:09 +0000},
	Journal = {SIGGRAPH '85},
	Month = {July},
	Number = {3},
	Title = {The hemi-cube: a radiosity solution for complex environments},
	Volume = {19},
	Year = {1985}}

@article{a:ARapidHierarchicalRadiosityAlgorithm,
	Author = {Pat Hanrahan and Daniel Salzman and Larry Aupperle},
	Date-Added = {2016-01-03 11:36:58 +0000},
	Date-Modified = {2016-01-03 11:38:08 +0000},
	Journal = {SIGGRAPH '91},
	Number = {4},
	Pages = {July},
	Title = {A Rapid Hierarchical Radiosity Algorithm},
	Volume = {25},
	Year = {1991}}

@article{a:RadiosityRedistributionforDynamicEnvironments,
	Author = {David W. George and Francois X. Sillion and Donald P. Greenberg},
	Date-Added = {2016-01-03 11:34:42 +0000},
	Date-Modified = {2016-01-03 11:40:41 +0000},
	Journal = {IEEE Computer Graphics \& Applications},
	Title = {Radiosity Redistribution for Dynamic Environments},
	Year = {1990}}

@article{a:IncrementalRadiosity:AnExtensionofProgressiveRadiositytoanInteractiveImageSynthesisSystem,
	Author = {Shenchang Eric Chen},
	Date-Added = {2016-01-03 11:33:20 +0000},
	Date-Modified = {2016-01-03 11:34:22 +0000},
	Journal = {SIGGRAPH '90},
	Month = {August},
	Number = {4},
	Title = {Incremental Radiosity: An Extension of Progressive Radiosity to an Interactive Image Synthesis System},
	Volume = {24},
	Year = {1990}}

@article{a:AProgressiveRefinementApproachtoFastRadiosityImageGeneration,
	Author = {Michael F. Cohen and Shenchang Eric Chen and John R. Wallace and Donald P. Greenberg},
	Date-Added = {2016-01-03 11:30:17 +0000},
	Date-Modified = {2016-01-03 11:32:50 +0000},
	Journal = {SIGGRAPH '88},
	Month = {August},
	Number = {4},
	Title = {A Progressive Refinement Approach to Fast Radiosity Image Generation},
	Volume = {22},
	Year = {1988}}

@article{a:AGeneralTwoPassMethodIntegratingSpecularandDiffuseReflection,
	Author = {Francois Sillion and Claude Puech},
	Date-Added = {2016-01-03 07:26:12 +0000},
	Date-Modified = {2017-08-24 10:25:46 +0000},
	Journal = {Computer Graphics},
	Month = {July},
	Number = {3},
	Title = {A General Two-Pass Method Integrating Specular and Diffuse Reflection},
	Volume = {23},
	Year = {1989}}

@article{a:ARayTracingMethodforIlluminationCalculationinDiffuse-SpecularScenes,
	Author = {Peter Shirley},
	Date-Added = {2016-01-03 07:24:50 +0000},
	Date-Modified = {2016-01-03 07:25:43 +0000},
	Journal = {Graphics Interface '90},
	Title = {A Ray Tracing Method for Illumination Calculation in Diffuse-Specular Scenes},
	Year = {1990}}

@article{a:ModelingtheInteractionofLightBetweenDiffuseSurfaces,
	Author = {Cindy M. Goral and Kenneth E. Torrance and Donald P. Greenberg and Bennett Battaile},
	Date-Added = {2016-01-02 03:22:36 +0000},
	Date-Modified = {2016-01-02 03:24:04 +0000},
	Journal = {Computer Graphics},
	Month = {July},
	Number = {3},
	Title = {Modeling the Interaction of Light Between Diffuse Surfaces},
	Volume = {18},
	Year = {1984}}

@article{a:FasterIncoherentRays:Multi-BVHRayStreamTracing,
	Author = {John A. Tsakok},
	Date-Added = {2016-01-01 14:29:01 +0000},
	Date-Modified = {2016-01-01 14:29:42 +0000},
	Title = {Faster Incoherent Rays: Multi-BVH Ray Stream Tracing},
	Year = {2009}}

@article{a:GettingRidofPacketsEfficientSIMDSingle-RayTraversalusingMulti-branchingBVHs,
	Author = {Ingo Wald and Carsten Benthin and Solomon Boulos},
	Date-Added = {2016-01-01 14:27:57 +0000},
	Date-Modified = {2016-01-01 14:28:44 +0000},
	Title = {Getting Rid of Packets -- Efficient SIMD Single-Ray Traversal using Multi-branching BVHs},
	Year = {2008}}

@article{a:RealtimeRayTracingonGPUwithBVH-basedPacketTraversal,
	Author = {Johannes Gunther and Stefan Popov and Hans-Peter Seidel and Philipp Slusallek},
	Date-Added = {2016-01-01 09:51:03 +0000},
	Date-Modified = {2016-01-01 09:52:29 +0000},
	Journal = {IEEE/Eurographics Symposium on Interactive Ray Tracing 2007},
	Title = {Realtime Ray Tracing on GPU with BVH-based Packet Traversal},
	Year = {2007}}

@article{a:RayTracingDeformableScenesUsingDynamicBoundingVolumeHierarchies,
	Author = {Ingo Wald and Solomon Boulos and Peter Shirley},
	Date-Added = {2016-01-01 08:01:22 +0000},
	Date-Modified = {2016-01-01 08:02:45 +0000},
	Title = {Ray Tracing Deformable Scenes Using Dynamic Bounding Volume Hierarchies},
	Year = {2007}}

@article{a:DoggedDetermination:TechnologyandProcessatNaughtyDogInc.,
	Author = {Jason Gregory},
	Date-Added = {2015-12-31 07:12:52 +0000},
	Date-Modified = {2015-12-31 07:13:54 +0000},
	Title = {Dogged Determination: Technology and Process at Naughty Dog, Inc.},
	Year = {2014}}

@article{a:InteractiveRenderingwithCoherentRayTracing,
	Author = {Ingo Wald and Philipp Slusallek and Carsten Benthin and Markus Wagner},
	Date-Added = {2015-12-19 07:45:01 +0000},
	Date-Modified = {2015-12-19 07:46:40 +0000},
	Journal = {EUROGRAPHICS 2001},
	Number = {3},
	Title = {Interactive Rendering with Coherent Ray Tracing},
	Volume = {20},
	Year = {2001}}

@article{a:SortedDeferredShadingforProductionPathTracing,
	Author = {Christian Eisenacher and Gregory Nichols and Andrew Selle and Brent Burley},
	Date-Added = {2015-12-11 08:23:55 +0000},
	Date-Modified = {2015-12-11 08:26:09 +0000},
	Journal = {Eurographics Symposium on Rendering 2013},
	Number = {4},
	Title = {Sorted Deferred Shading for Production Path Tracing},
	Volume = {32},
	Year = {2013}}

@article{a:ThePathTracingRevolutionintheMovieIndustry,
	Author = {Alexander Keller},
	Date-Added = {2015-11-24 08:43:29 +0000},
	Date-Modified = {2015-11-24 08:44:17 +0000},
	Title = {The Path Tracing Revolution in the Movie Industry},
	Year = {2015}}

@article{a:PathtracinginRenderMan,
	Author = {Per Christensen},
	Date-Added = {2015-11-24 08:37:12 +0000},
	Date-Modified = {2015-11-24 08:37:47 +0000},
	Title = {Path tracing in RenderMan},
	Year = {2015}}

@article{a:Sometechniquesforshadingmachinerenderingsofsolids,
	Author = {Arthur Appel},
	Date-Added = {2015-11-21 01:59:30 +0000},
	Date-Modified = {2016-12-16 08:38:57 +0000},
	Journal = {AFIPS Conference Proc},
	Title = {Some techniques for shading machine renderings of solids},
	Year = {1968}}

@article{a:DistributedRayTracing,
	Author = {Robert L. Cook and Thomas Porter and Loren Carpenter},
	Date-Added = {2015-11-19 15:04:35 +0000},
	Date-Modified = {2015-11-19 15:06:16 +0000},
	Title = {Distributed Ray Tracing},
	Year = {1984}}

@article{a:PhysicallyBasedLightingCalculationsForComputerGraphics,
	Author = {Peter S Shirley},
	Date-Added = {2015-11-12 17:01:47 +0000},
	Date-Modified = {2015-11-12 17:02:33 +0000},
	Title = {Physically Based Lighting Calculations For Computer Graphics},
	Year = {1990}}

@article{a:RobustMonteCarloMethodsforLightTransportSimulation,
	Author = {Eric Veach},
	Date-Added = {2015-11-12 15:39:27 +0000},
	Date-Modified = {2017-08-01 21:58:57 +0000},
	Journal = {PhD thesis, Stanford University},
	Title = {Robust Monte Carlo Methods for Light Transport Simulation},
	Year = {1998}}

@article{a:ANADAPTIVEPOPULATIONIMPORTANCESAMPLER,
	Author = {Luca Martino and Victor Elvira and David Luengo and Jukka Corander},
	Date-Added = {2015-11-12 09:35:12 +0000},
	Date-Modified = {2015-11-12 09:47:48 +0000},
	Title = {AN ADAPTIVE POPULATION IMPORTANCE SAMPLER: LEARNING FROM UNCERTAINTY},
	Year = {2014}}

@article{a:EfficientMultipleImportanceSamplingEstimators,
	Author = {Victor Elvira and Luca Martino and David Luengo and Monica F. Bugallo},
	Date-Added = {2015-11-12 09:33:54 +0000},
	Date-Modified = {2015-11-12 09:47:59 +0000},
	Title = {Efficient Multiple Importance Sampling Estimators},
	Year = {2015}}

@article{a:Safeandeffectiveimportancesampling,
	Author = {Art Owen and Yi Zhou},
	Date-Added = {2015-11-12 09:32:42 +0000},
	Date-Modified = {2015-11-12 09:33:29 +0000},
	Title = {Safe and effective importance sampling},
	Year = {1998}}

@article{a:AdaptiveMultipleImportanceSampling,
	Author = {Jean-Marie Cornuet and Jean-Michel Marin and Antonietta Mira and Christian P. Robert},
	Date-Added = {2015-11-12 09:30:55 +0000},
	Date-Modified = {2015-11-12 09:32:02 +0000},
	Title = {Adaptive Multiple Importance Sampling},
	Year = {2011}}

@article{a:OptimallyCombiningSamplingTechniquesforMonteCarloRendering,
	Author = {Eric Veach and Leonidas J.Guibas},
	Date-Added = {2015-11-11 12:48:37 +0000},
	Date-Modified = {2017-06-04 09:40:44 +0000},
	Title = {Optimally Combining Sampling Techniques for Monte Carlo Rendering},
	Year = {1995}}

@book{b:AdvancedGlobalIllumination,
	Author = {Philip Dutre and Kavita Bala and Philippe Bekaert},
	Date-Added = {2015-11-08 11:04:17 +0000},
	Date-Modified = {2015-11-08 11:06:18 +0000},
	Edition = {Secont Edition},
	Publisher = {A K Peters},
	Title = {Advanced Global Illumination},
	Year = {2006}}

@article{a:EfficientMonteCarloMethodsforLightTransportinScatteringMedia,
	Author = {Wojciech Jarosz},
	Date-Added = {2015-11-08 11:03:24 +0000},
	Date-Modified = {2017-10-02 14:05:08 +0000},
	Journal = {PhD thesis},
	Title = {Efficient Monte Carlo Methods for Light Transport in Scattering Media},
	Year = {2008}}

@article{a:MovingFrostbitetoPBR,
	Author = {Sebastien Lagarde and Charles de Rousiers},
	Date-Added = {2015-11-04 11:07:41 +0000},
	Date-Modified = {2015-11-04 11:08:37 +0000},
	Title = {Moving Frostbite to PBR},
	Year = {2014}}

@article{a:PhysicallyBasedShadingatDisney,
	Author = {Brent Burley},
	Date-Added = {2015-11-04 10:03:02 +0000},
	Date-Modified = {2015-11-04 10:03:51 +0000},
	Title = {Physically Based Shading at Disney},
	Year = {2012}}

@article{a:RealShadinginUnrealEngine4,
	Author = {Brian Karis},
	Date-Added = {2015-11-04 09:39:53 +0000},
	Date-Modified = {2015-11-04 09:40:29 +0000},
	Title = {Real Shading in Unreal Engine 4},
	Year = {2013}}

@article{a:AnInexpensiveBRDFModelforPhysically-BasedRendering,
	Author = {Christophe Schlick},
	Date-Added = {2015-11-04 07:57:50 +0000},
	Date-Modified = {2015-11-04 07:58:34 +0000},
	Title = {An Inexpensive BRDF Model for Physically-Based Rendering},
	Year = {1994}}

@article{a:TheStateoftheArtinInteractiveGlobalIllumination,
	Author = {Tobias Ritschel and Carsten Dachsbacher and Thorsten Grosch and Jan Kautz},
	Date-Added = {2015-11-02 08:03:00 +0000},
	Date-Modified = {2015-11-02 08:04:28 +0000},
	Title = {The State of the Art in Interactive Global Illumination},
	Year = {2011}}

@article{a:PlayingwithReal-TimeShadows,
	Author = {Nikolas Kasyan},
	Date-Added = {2015-10-11 11:45:29 +0000},
	Date-Modified = {2015-10-11 11:46:30 +0000},
	Journal = {SIGGRAPH 2013},
	Title = {Playing with Real-Time Shadows},
	Year = {2013}}

@article{a:Castingcurvedshadowsoncurvedsurfaces,
	Author = {Lance Williams},
	Date-Added = {2015-10-11 07:48:11 +0000},
	Date-Modified = {2015-10-11 07:49:27 +0000},
	Title = {Casting curved shadows on curved surfaces},
	Year = {1978}}

@article{a:TheRenderingEquation,
	Author = {James T. Kajiya},
	Date-Added = {2015-10-11 04:30:30 +0000},
	Date-Modified = {2015-10-11 04:31:42 +0000},
	Title = {The Rendering Equation},
	Year = {1986}}

@article{a:PyramidalDisplacementMapping,
	Author = {Kyoungsu Oh and Hyunwoo Ki and Cheol-Hi Lee},
	Date-Added = {2015-10-08 07:03:04 +0000},
	Date-Modified = {2015-10-08 07:06:32 +0000},
	Journal = {Proceedings of VRST},
	Title = {Pyramidal Displacement Mapping: A GPU based Artifacts-Free Ray Tracing through an Image Pyramid},
	Year = {2006}}

@article{a:SimplificationEnvelopes,
	Author = {Jonathan Cohen and Amitabh Varshney and Dinesh Manocha and Greg Turk and Hans Weber and Pankaj Agarwal and Frederick Brooks and William Wright},
	Date-Added = {2015-10-07 17:01:03 +0000},
	Date-Modified = {2015-10-07 17:03:34 +0000},
	Journal = {Computer Graphics (SIGGRAPH '96 Proceedings)},
	Title = {Simplification Envelopes},
	Year = {1996}}

@article{a:SurveyofTextureMappingTechniquesforRepresentingandRenderingVolumetricMesostructure,
	Author = {Charalampos Koniaris and Darren Cosker and Xiaosong Yang},
	Date-Added = {2015-10-07 09:48:07 +0000},
	Date-Modified = {2015-10-07 09:49:44 +0000},
	Journal = {Journal of Graphics Graphics Techniques},
	Number = {2},
	Title = {Survey of Texture Mapping Techniques for Representing and Rendering Volumetric Mesostructure},
	Volume = {3},
	Year = {2014}}

@article{a:Shell-Maps,
	Author = {Serban D. Porumbescu and Brian Budge and Louis Feng and Kenneth I. Joy},
	Date-Added = {2015-10-07 04:46:29 +0000},
	Date-Modified = {2015-10-07 04:49:48 +0000},
	Journal = {Proceedings of ACM SIGGRAPH 2005},
	Month = {July},
	Pages = {626-633},
	Title = {Shell Maps},
	Volume = {24},
	Year = {2005}}

@article{a:SimulationofWrinkledSurfaces,
	Author = {James F. Blinn},
	Date-Added = {2015-10-06 00:10:48 +0000},
	Date-Modified = {2015-10-06 00:12:32 +0000},
	Title = {Simulation of Wrinkled Surfaces},
	Year = {1978}}

@article{a:DetailedShapeRepresentationwithParallaxMapping,
	Author = {Tomomichi KANEKO and Toshiyuki TAKAHEI and Masahiko INAMI and Naoki KAWAKAMI and Yasuyuki YANAGIDA and Taro MAEDA and Susumu TACHI},
	Date-Added = {2015-10-06 00:07:56 +0000},
	Date-Modified = {2015-10-06 00:09:43 +0000},
	Journal = {Proceedings of ICAT},
	Title = {Detailed Shape Representation with Parallax Mapping},
	Year = {2001}}

@article{a:Shade-Trees,
	Author = {Robert L. Cook},
	Date-Added = {2015-10-05 23:54:48 +0000},
	Date-Modified = {2015-10-05 23:55:37 +0000},
	Title = {Shade Trees},
	Year = {1984}}

@article{a:ReliefMappingofNo-Height-FieldSurfaceDetails,
	Author = {Fabio Policarpo and Manuel M. Oliveira},
	Date-Added = {2015-10-05 22:46:24 +0000},
	Date-Modified = {2015-10-05 22:48:00 +0000},
	Title = {Relief Mapping of No-Height-Field Surface Details},
	Year = {2006}}

@article{a:Real-TimeReliefMappingonArbitraryPolygonalSurfaces,
	Author = {Fabio Policarpo and Manuel M. Oliveira and Joao L. D. Comba},
	Date-Added = {2015-10-05 22:45:19 +0000},
	Date-Modified = {2015-10-05 22:46:10 +0000},
	Title = {Real-Time Relief Mapping on Arbitrary Polygonal Surfaces},
	Year = {2005}}

@article{a:Per-PixelDisplacementMappingwithDistanceFunctions,
	Author = {William Donnelly},
	Date-Added = {2015-10-05 22:43:59 +0000},
	Date-Modified = {2015-10-05 22:44:49 +0000},
	Journal = {GPU Gems 2},
	Title = {Per-Pixel Displacement Mapping with Distance Functions},
	Year = {2005}}

@article{a:AdaptiveTessellationofSubdivisionSurfaceswithDisplacementMapping,
	Author = {Michael Bunnell},
	Date-Added = {2015-10-05 22:41:39 +0000},
	Date-Modified = {2015-10-05 22:43:27 +0000},
	Journal = {GPU Gems 2},
	Title = {Adaptive Tessellation of Subdivision Surfaces with Displacement Mapping},
	Year = {2005}}

@article{a:GeneralizedDisplacementMaps,
	Author = {Xi Wang and Stephen Lin and Shimin Hu and Baining Guo and Heung-Yeung Shum},
	Date-Added = {2015-10-05 22:39:22 +0000},
	Date-Modified = {2015-10-05 22:40:33 +0000},
	Title = {Generalized Displacement Maps},
	Year = {2004}}

@article{a:directional-distance-maps,
	Author = {Ravish Mehra and Subodh Kumar},
	Date-Added = {2015-10-05 09:56:50 +0000},
	Date-Modified = {2015-10-05 10:02:04 +0000},
	Journal = {ICVGIP 2012},
	Title = {Accurate and efficient rendering of detail using directional distance maps},
	Year = {2012}}

@article{a:improved-alpha-tested-magnification-for-vector-txtures,
	Author = {Chris Green},
	Date-Added = {2015-10-04 03:00:46 +0000},
	Date-Modified = {2015-10-04 03:08:34 +0000},
	Journal = {Advanced Real-Time Rendering in 3D Graphics and Games(SIGGRAPH Course 07)},
	Title = {Improved Alpha-Tested Magnification for Vector Textures and Special Effects},
	Year = {2007}}

@article{a:Enhanced-Sphere-Tracing,
	Author = {Benjamin Keinert and Henry Schafer and Johann Korndorfer and Urs Ganse and Marc Stamminger},
	Date-Added = {2015-10-03 08:18:06 +0000},
	Date-Modified = {2015-10-03 08:19:59 +0000},
	Title = {Enhanced Sphere Tracing},
	Year = {2014}}

@article{a:Ray-Tracing-Deterministic-3-DFractals,
	Author = {John C. Hart and Daniel J. Sandin and Louis H. Kauffman},
	Date-Added = {2015-10-03 05:54:27 +0000},
	Date-Modified = {2015-10-03 05:56:16 +0000},
	Journal = {Computer Graphics (SIGGRAPH '89 Proceedings)},
	Number = {3},
	Title = {Ray Tracing Deterministic 3-D Fractals},
	Volume = {23},
	Year = {1989}}

@article{a:GPU-Ray-Marching-of-Distance-Fields,
	Author = {Lukasz Jaroslaw Tomczak},
	Date-Added = {2015-10-03 05:24:26 +0000},
	Date-Modified = {2015-10-03 05:25:50 +0000},
	Title = {GPU Ray Marching of Distance Fields},
	Year = {2012}}

@article{a:hypetrtexture,
	Author = {Ken Perlin and Eric M. Hoffert},
	Date-Added = {2015-10-03 00:56:06 +0000},
	Date-Modified = {2015-10-03 01:51:05 +0000},
	Journal = {Computer Graphics (SIGGRAPH '89 Proceedings)},
	Month = {July},
	Number = {3},
	Title = {Hypertexture},
	Volume = {23},
	Year = {1989}}

@article{a:ray-tracing,
	Author = {Turner Whitted},
	Date-Added = {2015-10-02 12:44:04 +0000},
	Date-Modified = {2015-10-02 12:51:29 +0000},
	Title = {An Improved Illumination Model for Shaded Display},
	Year = {1979}}

@article{a:sphere-tracing,
	Author = {John C. Hart},
	Date-Added = {2015-10-02 04:45:22 +0000},
	Date-Modified = {2017-06-04 09:40:51 +0000},
	Journal = {The Visual Computer},
	Month = {July},
	Title = {Sphere Tracing: A Geometric Method for the􏱮 Antialiased Ray Tracing of Implicit Surfaces},
	Year = {1994}}

@article{a:A-Complete-Distance-Field-Representation,
	Author = {Jian Huang and Yan Li2 and Roger Crawfis and Shao-Chiung Lu and Shuh-Yuan Liou},
	Date-Added = {2015-09-30 06:44:07 +0000},
	Date-Modified = {2015-09-30 06:46:19 +0000},
	Journal = {IEEE Visualization},
	Month = {October},
	Title = {A Complete Distance Field Representation},
	Year = {2001}}

@article{a:adf,
	Author = {Sarah F. Frisken and Ronald N. Perry and Alyn P. Rockwood and Thouis R. Jones},
	Date-Added = {2015-09-30 04:04:54 +0000},
	Date-Modified = {2017-06-04 09:40:26 +0000},
	Month = {April},
	Title = {Adaptively Sampled Distance Fields: A General Representation of Shape for Computer Graphics},
	Year = {2000}}

@article{a:Euclidean-Distance-Mapping,
	Author = {Per-Erik Danielsson},
	Date-Added = {2015-09-30 03:10:31 +0000},
	Date-Modified = {2017-06-04 09:37:57 +0000},
	Title = {Euclidean Distance Mapping},
	Year = {1980}}

@article{a:Vector-City-VDT,
	Author = {Richard Satherley and Mark W. Jones},
	Date-Added = {2015-09-30 03:08:27 +0000},
	Date-Modified = {2015-09-30 03:09:50 +0000},
	Title = {Vector-City Vector Distance Transform}}

@article{a:dead-reckoning,
	Author = {George J. Grevera},
	Date-Added = {2015-09-29 15:37:22 +0000},
	Date-Modified = {2015-11-19 14:36:36 +0000},
	Title = {The "dead reckoning" signed distance transform},
	Year = {2004}}

@article{a:Computing-vertex-normals,
	Author = {G. Thu rmer and C. A. Wu thrich},
	Date-Added = {2015-09-29 11:10:00 +0000},
	Date-Modified = {2015-10-04 03:06:41 +0000},
	Journal = {Journal of Graphics Tools},
	Title = {Computing vertex normals from polygonal facets},
	Year = {1998}}

@article{a:Incremental-Triangle-Voxelization,
	Author = {Frank Dachille IX and Arie Kaufman},
	Date-Added = {2015-09-29 10:49:49 +0000},
	Date-Modified = {2015-09-29 10:51:16 +0000},
	Title = {Incremental Triangle Voxelization}}

@misc{w:distance-function,
	Author = {Inigo Quilez},
	Date-Added = {2015-09-29 02:53:54 +0000},
	Date-Modified = {2017-01-15 09:30:57 +0000},
	Howpublished = {\url{http://iquilezles.org/www/articles/distfunctions/distfunctions.htm}},
	Title = {Modeling with distance functions},
	Bdsk-Url-1 = {http://iquilezles.org/www/articles/distfunctions/distfunctions.htm}}

@article{a:3d-distance-fields-a-survey,
	Author = {Mark W. Jones and J. Andreas B{\ae}rentzen and Milosˇ Sˇra ́mek},
	Date-Added = {2015-09-28 13:35:37 +0000},
	Date-Modified = {2015-09-28 13:39:33 +0000},
	Journal = {IEEE Transactions},
	Month = {January},
	Title = {3D Distance Fields: A Survey of Techniques and Applications},
	Year = {2006}}

@book{b:AnIntegratedIntroductiontoCG,
	Author = {Ronald Goldman},
	Date-Added = {2015-09-26 10:10:41 +0000},
	Date-Modified = {2015-09-26 10:12:44 +0000},
	Publisher = {CRC Press},
	Title = {An Integrated Introduction to Computer Graphics and Geometric Modeling},
	Year = {2009}}

@book{b:rts,
	Author = {Elmar Eisemann and Michael Schwarz and Ulf Assarsson and Michael Wimmer},
	Date-Added = {2015-09-24 08:19:42 +0000},
	Date-Modified = {2017-06-04 09:40:39 +0000},
	Publisher = {CRC Press},
	Title = {Real-Time Shadows},
	Year = {2012}}

@book{b:pbrt,
	Author = {Matt Pharr and Wenzel Jakob and Greg Humphreys},
	Date-Added = {2015-09-24 08:17:25 +0000},
	Date-Modified = {2017-01-01 10:52:33 +0000},
	Edition = {Third Edition},
	Publisher = {Elsevier},
	Title = {Physically Based Rendering: From the Theory to Implementation},
	Year = {2017}}

@book{b:implicit-surfaces,
	Author = {Stanlet Osher and Ronald Fedkiw},
	Date-Added = {2015-09-24 08:09:05 +0000},
	Date-Modified = {2017-06-04 09:40:33 +0000},
	Publisher = {Springer},
	Read = {0},
	Title = {Level Set Methods and Dynamic Implicit},
	Year = {2003}}

@book{b:rtr,
	Author = {Tomas Akenine-Moller and Eric Haines and Naty Hoffman},
	Date-Added = {2015-09-18 11:44:30 +0000},
	Date-Modified = {2016-07-03 11:37:17 +0000},
	Edition = {Third Edition},
	Publisher = {CRC Press},
	Title = {Real-Time Rendering},
	Year = {2009}}
